2517 3909
187 130 276 194 54
915 133 975 186 Ρ.
1014 130 1292 186 PAPINII
1332 129 1572 185 STATII

141 350 146 354 ,
183 274 558 354 Nobiscum,
607 279 672 340 et
718 279 943 360 gratae
990 279 1361 359 carpentem
1406 296 1675 340 munera
1719 296 1983 340 mensae
2031 319 2042 328 -
2296 293 2330 342 5

185 363 660 449 Errantemque
697 364 862 428 toris
908 364 1157 428 mediae
1202 365 1348 447 plus
1395 369 1685 447 tempore
1729 364 1941 428 noctis

183 451 505 518 Uidimus.
598 453 829 518 affatus
879 454 1076 518 etiam
1122 453 1561 536 meditataque
1607 452 1806 517 uerba

183 539 599 608 Reddideras.
690 545 759 607 at
801 563 972 606 nunc
1020 546 1285 606 aeterna
1332 542 1591 605 silentia
1634 540 1869 605 Lethes

85 637 93 644 '
181 628 303 693 Ille
351 652 623 695 canorus
669 631 888 696 habes.
980 631 1165 695 cedat
1208 630 1644 695 Phaethontia
1689 630 1870 714 uulgi

182 716 456 783 Fabula:
502 742 638 784 non
685 720 810 784 soli
857 720 1186 784 celebrant
1232 741 1350 784 sua
1394 720 1623 784 funera
1670 720 1879 804 cygni.
2262 739 2327 788 10

182 806 275 870 At
319 807 446 871 tibi
493 811 738 892 quanta
783 808 1011 873 domus
1057 809 1258 873 rutila
1301 808 1623 873 testudine
1669 808 1953 893 fulgenS‚

185 892 608 981 Conexusque
658 897 840 962 ebori
886 897 1218 982 uirgarum
1267 901 1612 982 argenteus
1660 897 1834 980 ord0‚

182 982 632 1070 Argutumque
679 989 793 1050 tuo
842 986 1181 1050 stridentia
1225 986 1454 1050 limina
1500 1007 1712 1069 cornu,

182 1072 274 1137 Et
321 1075 625 1157 querulae
670 1078 808 1139 tam
857 1075 1028 1140 forte
1073 1075 1275 1139 fores!
1323 1078 1512 1139 uacat
1556 1075 1667 1138 ille
1714 1074 1941 1139 beatus

182 1159 433 1246 Carcer,
480 1167 545 1227 et
591 1164 854 1248 angusti
908 1185 1228 1248 nusquam
1285 1164 1577 1229 conuicia
1622 1164 1803 1227 tecti!
2258 1183 2324 1231 15

177 1249 324 1314 Huc
370 1251 597 1316 doctae
645 1254 971 1335 stipentur
1017 1274 1187 1336 aues,
1234 1253 1376 1337 quis
1423 1252 1641 1317 nobile
1686 1252 1869 1316 fandi

178 1337 288 1403 Ius
337 1343 571 1404 natura
617 1341 826 1405 dedit:
871 1341 1146 1426 plangat
1191 1341 1554 1405 Phoebeius
1603 1341 1735 1405 ales

176 1426 580 1514 Auditasque
627 1452 877 1494 memor
922 1431 1178 1514 penitus
1227 1430 1551 1494 dimittere
1598 1451 1787 1494 uoces

180 1514 455 1581 Sturnus
503 1521 569 1582 et
611 1517 827 1583 Aonio
874 1540 1100 1583 uersae
1146 1519 1497 1583 certamine
1543 1519 1743 1602 picae,

181 1603 431 1689 Quique
476 1607 678 1672 refert
723 1608 1021 1693 iungens-
1045 1609 1281 1672 iterata
1326 1606 1646 1672 uocabula
1690 1606 1934 1691 perdix,
2251 1627 2324 1676 20

176 1691 268 1757 Et
304 1716 469 1777 quae
514 1695 814 1761 Bistonio
864 1697 1154 1780 queritur
1200 1718 1385 1762 soror
1431 1696 1590 1760 orba
1635 1695 1859 1759 cubili:

173 1779 367 1846 Ferte
416 1784 608 1847 simul
656 1785 934 1870 gemitus
983 1789 1387 1870 cognataque
1435 1784 1647 1849 ducite
1691 1784 1970 1849 flammis

175 1869 432 1936 Funera
479 1875 545 1937 et
589 1874 714 1939 hoc
760 1877 1028 1952 cunctae
1075 1873 1512 1939 miserandum
1558 1873 1867 1940 addiscite
1914 1896 2206 1941 carmen:

177 1958 193 1986 ‘
208 1957 461 2025 Occidit
506 1963 715 2027 aeriae
762 1962 1182 2027 celeberrima
1229 1963 1437 2046 gloria
1483 1961 1695 2046 gentis

171 2046 517 2135 PsittacUS‚
563 2052 675 2115 ille
721 2052 954 2136 plagae
990 2051 1214 2115 uiridis
1264 2055 1570 2135 regnator
1605 2050 1810 2131 ane3
2246 2070 2316 2119 25

174 2135 377 2212 Quem
422 2162 556 2204 non
602 2144 931 2225 gemmata
977 2139 1256 2204 uolucris
1303 2139 1579 2204 Iunonia
1626 2140 1828 2205 cauda

170 2224 477 2292 Uinceret
523 2232 804 2312 aspectu,
851 2228 1049 2314 gelidi
1094 2250 1230 2292 non
1274 2227 1570 2292 Phasidis
1620 2229 1774 2311 aleS‚

168 2312 236 2379 N
237 2336 306 2380 ec
353 2339 514 2402 quas
561 2317 857 2381 humenti
901 2314 1220 2381 Numidae
1266 2338 1535 2399 rapuere
1583 2316 1702 2381 sub
1750 2319 1988 2381 austro,

170 2402 290 2470 Ille
337 2407 654 2471 salutator
699 2426 927 2490 regum
970 2427 1331 2489 nomenque
1377 2405 1630 2469 locutus

172 2489 561 2559 Caesareum
608 2499 675 2558 et
720 2493 969 2577 queruli
1017 2494 1346 2579 quondam
1391 2495 1529 2558 uice
1574 2494 1835 2559 functus
1884 2494 2104 2578 amici,
2242 2514 2313 2562 30

168 2579 361 2646 Nunc
408 2584 685 2647 conuiua
729 2583 891 2647 leuis
940 2586 1431 2667 monstrataque
1477 2583 1741 2647 reddere
1788 2582 1986 2646 uerba

168 2669 331 2734 Tam
375 2671 615 2736 facilis!
664 2693 790 2755 quo
836 2675 928 2755 tn,
973 2670 1203 2736 Melior
1250 2671 1500 2753 dilecte,
1545 2672 1791 2736 recluso

165 2756 543 2845 Numquam
592 2761 763 2824 solus
812 2782 971 2825 eras.
1065 2765 1134 2825 at
1180 2782 1317 2825 non
1362 2759 1674 2844 inglorius
1723 2760 1969 2824 umbris

165 2846 479 2913 Mittitur:
525 2849 805 2934 Assyrio
853 2850 1098 2914 cineres
1148 2849 1493 2914 adolentur
1539 2870 1792 2913 amomo

307 3188 339 3236 9
378 3183 498 3239 obis
544 3186 814 3241 Heinsius
857 3189 878 3256 ΙΙ
924 3192 989 3241 11
1031 3185 1156 3239 Stat
1193 3184 1429 3239 uiduata
1456 3183 1662 3251 >domus
1698 3182 1966 3237 Heinsius
2009 3183 2031 3251 ΙΙ
2072 3188 2139 3237 14
2186 3185 2308 3237 tam

161 3251 305 3307 forte
341 3257 541 3325 scripsi
550 3278 568 3310 .·
614 3256 727 3313 iam
773 3259 970 3327 sponte
1007 3262 1042 3308 c
1080 3274 1114 3308 a
1148 3258 1269 3310 tam
1315 3271 1480 3324 saepe
1519 3252 1856 3308 Schraderus
1899 3255 1919 3322 ΙΙ
1966 3259 2032 3308 15
2075 3254 2310 3325 augusti

162 3329 199 3392 ‚⁰
236 3341 270 3376 a
295 3327 314 3394 u
344 3332 410 3381 18
448 3327 733 3387 dimittere
779 3335 840 3383 c:
889 3327 1182 3381 demittere
1219 3332 1267 3379 A
1293 3325 1332 3452 ᾹΙ
1383 3331 1446 3380 19
1494 3323 1677 3379 uictae
1716 3325 1927 3380 Markl.
1970 3326 1989 3393 ll
2030 3331 2099 3380 31
2139 3326 2306 3383 Nunc

165 3398 200 3447 ς
240 3413 297 3450 a:
335 3397 496 3454 Hunc
534 3403 713 3469 01134
749 3399 1047 3454 adolentur
1084 3403 1118 3453 ς
1158 3417 1215 3452 a:
1255 3414 1291 3452 a
1330 3398 1531 3452 dentur
1567 3401 1602 3447 c
