2517 3909
942 171 1317 229 smmum
1351 173 1413 228 L.
1451 174 1495 243 1,
1534 179 1581 228 1.
2300 175 2336 238 7

208 321 428 387 Fluxit
474 318 683 404 opus?
732 317 963 384 Siculis
1009 341 1094 383 an
1140 319 1548 384 conformata
1594 319 1863 384 caminis

206 410 477 496 Effigies
522 410 769 473 lassum
815 406 1148 492 Steropem
1192 407 1631 493 Brontemque
1676 409 1980 493 reliquit?

208 499 313 564 An
357 503 427 563 te
472 496 806 562 Palladiae
848 495 1065 582 talem,
1111 496 1519 582 Germanice,
1563 496 1752 561 nobis
2306 514 2337 564 5

208 587 535 653 Effinxere
581 607 832 669 manus,
879 586 1136 671 qualem
1181 586 1376 651 modo
1422 585 1610 650 frena
1653 589 1983 651 tenentem

206 676 474 741 Rhenus
521 680 590 740 et
635 675 897 740 attoniti
941 675 1108 739 uidit
1149 674 1380 739 domus
1425 675 1627 739 ardua
1670 673 1876 741 Daci?

204 763 394 830 Nunc
444 785 566 849 age
609 764 792 829 fama
834 763 1011 848 prior
1053 768 1282 829 notum
1327 784 1444 848 per
1488 764 1744 829 saecula
1786 785 2029 829 nomen

200 852 516 918 Dardanii
559 853 830 918 miretur
871 853 1037 937 equi,
1083 853 1185 917 cui
1228 853 1472 918 uertice
1518 873 1698 918 sacro

202 941 582 1026 Dindymon
629 945 695 1006 et
740 941 943 1006 caesis
990 941 1274 1006 decreuit
1326 941 1665 1007 frondibus
1711 940 1840 1007 Ide.
2271 960 2342 1009 10

199 1031 392 1096 Hunc
438 1052 650 1115 neque
697 1030 981 1095 discissis
1026 1030 1353 1114 cepissent
1394 1030 1715 1116 Pergama
1759 1031 1991 1115 muris3

199 1119 337 1185 Nec
385 1141 584 1206 grege
629 1120 950 1203 permixto
994 1120 1178 1203 pueri
1222 1120 1660 1205 innuptaeque
1704 1120 1985 1205 puellae,

200 1208 347 1293 Ipse
393 1231 514 1274 nec
557 1208 817 1274 Aeneas
860 1229 980 1273 nec
1024 1228 1300 1293 magnus
1346 1208 1608 1274 duceret
1651 1208 1912 1274 Hector.

201 1298 387 1363 Adde
437 1299 611 1382 quod
655 1298 765 1362 ille
810 1318 1053 1363 nocens
1102 1317 1461 1382 saeuosque
1509 1298 1845 1380 amplexus
1888 1297 2206 1384 Achiuos,

200 1385 395 1451 Hunc
439 1387 617 1451 mitis
666 1386 1001 1452 commend
1009 1390 1078 1451 at
1123 1408 1337 1472 eques.
1427 1386 1612 1451 iuuat
1657 1408 1774 1452 ora
1815 1387 1986 1452 tueri
2274 1403 2339 1451 15

201 1474 409 1539 Mixta
452 1477 627 1540 notis
673 1475 829 1541 belli
873 1475 1320 1560 placidamque
1366 1476 1656 1559 gerentia
1700 1495 1941 1559 pacem.

198 1561 264 1627 N
263 1585 336 1628 ec
383 1564 557 1628 ueris
603 1565 852 1629 maiora
895 1568 1113 1647 putes:
1159 1586 1281 1649 par
1322 1564 1536 1629 forma
1581 1564 1912 1649 decorque,

196 1651 325 1716 Par
368 1652 596 1718 honor.
687 1674 765 1718 ex
808 1653 1015 1718 uastis
1060 1652 1340 1717 Martem
1385 1674 1522 1718 non
1566 1654 1760 1718 altius
1806 1654 2005 1717 armis

196 1739 536 1806 Bistonius
580 1744 801 1825 portat
847 1741 1107 1825 sonipes
1153 1762 1520 1827 magnoque
1567 1742 1860 1826 superbit

196 1828 493 1895 Pondere
537 1852 658 1894 nec
703 1830 890 1895 tardo
935 1833 1161 1913 raptus
1205 1851 1409 1914 prope
1452 1831 1722 1896 flumina
1756 1852 1946 1896 cursu
2269 1849 2337 1897 20

197 1916 438 1983 Fumat
483 1922 550 1983 et
592 1919 846 2004 ingenti
889 1919 1195 2003 propellit
1240 1917 1593 2004 Strymona
1636 1919 1814 1983 flatu.

196 2006 325 2071 Par
372 2008 554 2090 operi
599 2008 799 2073 sedes.
888 2007 1039 2071 hinc
1086 2008 1283 2073 obuia
1326 2008 1553 2072 limina
1595 2008 1838 2092 pandit,

199 2095 324 2171 Qui
368 2096 585 2161 fessus
630 2096 821 2162 bellis
869 2095 1151 2161 adscitae
1197 2118 1466 2161 munere
1503 2096 1713 2181 prolis

195 2184 455 2249 Primus
499 2184 626 2249 iter
670 2185 914 2250 nostris
963 2185 1247 2250 ostendit
1291 2186 1361 2250 in
1408 2185 1672 2251 aethera
1716 2185 1900 2251 diuis.

194 2271 488 2338 Discitur
533 2295 568 2339 e
613 2274 818 2358 uultu,
865 2277 1182 2357 quantum
1227 2278 1302 2338 tu
1346 2274 1567 2339 mitior
1612 2275 1837 2359 armis»,
2047 2297 2057 2308 ·
2269 2294 2336 2342 25

199 2360 321 2437 Qui
367 2383 489 2426 nec
532 2363 604 2426 in
649 2365 948 2427 externos
991 2363 1203 2428 facilis
1249 2364 1496 2428 saeuire
1541 2363 1792 2429 furores

196 2448 329 2515 Das
379 2448 589 2515 Cattis
635 2450 959 2536 Dacisque
1009 2451 1219 2516 fidem.
1309 2455 1375 2516 te
1431 2453 1621 2537 signa
1664 2453 1910 2542 ferente

196 2538 285 2603 Et
327 2539 544 2604 minor
587 2540 658 2604 in
701 2541 879 2626 leges
925 2540 1052 2604 iret
1093 2562 1294 2626 gener
1338 2543 1404 2605 et
1450 2539 1613 2606 Cato
1659 2539 1855 2625 pacis.

197 2627 289 2691 At
332 2629 615 2693 laterum
659 2649 891 2713 passus
937 2628 1090 2694 hinc
1134 2628 1304 2694 Iulia
1346 2633 1519 2694 tecta
1563 2633 1848 2714 tuentur,

197 2715 384 2781 minc
430 2717 725 2802 belligeri
771 2717 1069 2782 sublimis
1111 2718 1295 2803 regia
1336 2718 1543 2784 Pauli.
2266 2738 2336 2786 30

198 2803 412 2891 Terga
455 2809 644 2889 pater
686 2805 1055 2891 blandoque
1100 2807 1281 2871 uidet
1325 2805 1688 2872 Concordia
1732 2809 1935 2874 uultu.

196 2892 342 2977 Ipse
391 2898 610 2959 autem
656 2918 819 2980 puro
866 2896 1108 2960 celsum
1155 2899 1352 2980 caput
1396 2918 1542 2961 aere
1591 2899 1851 2982 saeptus

335 3165 406 3213 10
456 3158 556 3212 Ide
601 3163 672 3212 A·
714 3157 849 3212 iden
896 3163 932 3210 G
967 3160 989 3229 [Ι
1026 3164 1090 3213 11
1131 3159 1399 3215 discussis
1439 3165 1475 3215 ς
1502 3163 1523 3230 ΙΙ
1552 3167 1619 3216 18
1658 3175 1727 3215 ex
1762 3160 1939 3216 uastis
1973 3161 2201 3231 scripsi.-
2241 3177 2336 3217 ex-

198 3227 411 3284 haustis
458 3235 494 3282 c
521 3248 556 3282 a
600 3230 780 3285 exutis
826 3229 1098 3285 Heinsius
1130 3232 1152 3300 {1
1192 3236 1265 3285 20
1307 3247 1414 3286 nec
1458 3234 1621 3287 tanto
1661 3249 1764 3301 rap
1765 3235 1859 3286 tus
1894 3231 2194 3287 Geuartius
2212 3235 2239 3315 fl
2265 3239 2334 3287 23

198 3300 445 3355 adscitae
484 3301 846 3355 ἐ’-8118901110
885 3302 991 3370 (ita
1026 3302 1080 3368 a)
1116 3302 1206 3356 wel
1241 3302 1502 3358 adsertae
1540 3309 1575 3355 c
1606 3305 1631 3387 fl
1658 3250 2014 3358 25pDiscitu1
2048 3308 2119 3357 A:
2155 3297 2348 3358 Discit

199 3373 255 3425 et
288 3373 468 3441 ⁰82⁷
509 3371 689 3426 Cattis
728 3375 792 3426 ς.
830 3371 1011 3441 captis
1048 3375 1279 3441 ⁰⁸ll28
1316 3374 1470 3443 pacis
1505 3375 1777 3443 scripsil.
1808 3375 1926 3441 lp.
1955 3378 2104 3429 252:
2142 3372 2338 3427 castris

201 3446 234 3492 c
250 3461 285 3495 a
314 3442 497 3498 iustas
534 3443 796 3498 Crucem
810 3445 998 3498 castus
1033 3443 1359 3499 Bursianus
