2517 3909
847 137 1246 190 'fnum-mos
1287 140 1426 189 mn.
1470 142 1537 190 v.
1632 209 1639 215 θ
2165 132 2247 193 95

392 301 411 332 <
428 293 575 356 Rem
615 297 890 355 summam
932 293 1200 357 instinctu
1235 293 1515 377 superum
1550 297 1856 377 meritique
1890 297 2132 375 doloris,

269 379 322 440 Ο
360 380 568 440 viduae
610 413 695 425 ——·
732 378 950 440 firmate
994 381 1212 442 animos
1259 390 1321 442 et
1362 382 1565 462 pellite
1608 399 1811 443 sexum
1850 417 1934 427 -
2145 396 2248 449 105

264 463 642 543 Lemniades,
681 463 907 524 sancire
951 481 1126 543 ρευσς
1174 466 1224 525 si
1267 466 1468 527 taedet
1503 468 1705 527 inanes

265 548 587 611 Aeternum
630 566 867 610 servare
913 549 1118 610 domos
1154 560 1502 631 turpemque
1543 553 1813 615 iuventae

264 632 444 694 Flore
486 634 655 694 situm
699 643 758 693 et
794 633 987 711 longis
1028 635 1265 696 steriles
1306 637 1365 696 in
1407 635 1656 697 luctibus
1699 652 1903 713 annos,

265 716 499 796 Inveni,
541 719 813 798 promitto
852 718 1029 797 viam,
1072 738 1185 781 nec
1219 722 1445 782 numina
1487 721 1715 797 desunt,
1814 759 1819 768 -

267 801 398 876 Qua
440 803 771 864 renovanda
813 801 1040 865 Venus:
1080 804 1252 865 modo
1299 823 1406 885 par
1443 806 1707 865 insumite
1741 803 1921 865 robur
2144 818 2248 870 110

263 886 573 965 Luctibus,
619 898 794 967 atquc
831 887 984 949 adeo
1020 890 1259 970 primum
1299 889 1414 950 hoc
1448 889 1589 950 mihi
1628 905 1879 951 noscere
1920 887 2106 952 detur.

394 970 613 1033 ‘Tertia
653 981 824 1034 canet
863 972 1082 1051 hiems,
1128 975 1220 1035 cui
1268 973 1594 1036 conubialia
1634 974 1822 1036 vincla
1891 1017 1895 1022 -

269 1055 388 1117 Aut
432 1056 661 1118 thalami
706 1066 976 1118 secretus
1014 1057 1246 1119 honos?
1288 1061 1379 1120 cui
1423 1059 1674 1138 coniuge
1714 1068 1921 1139 pectus

262 1139 557 1220 Intepuit‘l
601 1141 764 1203 cuius
796 1142 940 1203 vidit
981 1142 1193 1205 Lucina
1239 1140 1522 1206 labores?
2016 1159 2019 1164 ·

263 1224 492 1303 Dicite,
538 1227 636 1288 vel
678 1228 861 1288 iustos
908 1228 1072 1288 cuius
1113 1229 1401 1307 pulsantia
1444 1243 1678 1289 menses
2143 1238 2242 1290 115

264 1309 421 1371 Vota
454 1308 714 1372 tument?
757 1328 869 1390 qua
912 1329 1060 1391 pace
1100 1311 1257 1375 feras
1301 1314 1696 1393 volucresque
1722 1313 1925 1391 iugari
2016 1352 2020 1356 -

263 1392 398 1454 Mos
438 1394 620 1456 datus.
706 1394 833 1456 Heu
876 1395 1123 1475 segnes!
1177 1398 1439 1478 potuitne
1481 1398 1710 1459 ultricia
1754 1397 1938 1458 Graiis

261 1478 596 1556 Virginibus
641 1479 781 1542 dare
824 1479 944 1540 tela
983 1491 1177 1560 pater,
1214 1482 1521 1563 laetusque
1564 1482 1830 1544 dolorum

264 1563 560 1641 Sanguine
604 1579 847 1625 securos
882 1565 1151 1626 iuvenum
1192 1566 1545 1645 perfundere
1581 1564 1859 1628 somnos?

263 1647 346 1708 At
384 1664 493 1708 nos
535 1648 744 1726 vulgus
785 1650 975 1716 iners3
1022 1650 1230 1729 quodsi
1273 1650 1644 1730 propioribus
1690 1653 1833 1712 actis
2141 1660 2246 1714 120

265 1731 376 1793 Est
418 1750 598 1812 opus,
640 1750 787 1794 ecce
827 1733 1050 1794 animos
1094 1734 1307 1795 doceat
1343 1734 1690 1814 Rhodopeia
1735 1737 1965 1812 coniux,

264 1816 402 1878 Ulta
436 1835 603 1878 manu
639 1817 921 1879 thalamos
966 1815 1302 1899 pariterque
1345 1820 1575 1899 epulata
1616 1822 1845 1881 marito.

264 1901 395 1964 Nec
437 1919 545 1963 vos
588 1903 830 1964 inmunis
870 1904 1158 1964 scelerum
1203 1921 1486 1965 securave
1537 1920 1717 1982 cogo.

264 1988 446 2049 Plena
488 1987 622 2048 mihi
662 1988 862 2049 domus
905 1997 1081 2069 atque
1123 1989 1328 2068 ingens
1348 2034 1366 2067 ,
1410 2008 1484 2050 en
1527 1990 1782 2065 cernite,
1825 1988 2016 2048 sudor.

267 2072 530 2147 Quatuor
563 2072 673 2134 hos
712 2091 854 2151 una,
896 2073 1074 2135 decus
1121 2083 1180 2134 et
1221 2073 1430 2135 solatia
1472 2075 1676 2156 patris,
2113 2078 2243 2136 '125

263 2157 330 2217 In
373 2158 631 2235 gremio,
679 2157 818 2218 licet
859 2159 1129 2238 amplexu
1171 2159 1539 2239 lacrimisque
1582 2167 1896 2234 morentur,

264 2241 679 2319 Transadigam
720 2242 911 2320 ferro,
957 2243 1292 2325 saniemque
1336 2252 1398 2305 et
1429 2245 1669 2305 vulnera
1710 2243 1947 2304 fratrum

262 2325 528 2387 Miscebo
570 2335 908 2407 patremque
953 2345 1134 2408 super
1170 2327 1523 2408 spirantibus
1567 2326 1789 2390 addam.

262 2410 469 2490 Ecqua
503 2420 589 2471 tot
630 2412 690 2470 in
731 2411 947 2472 caedes
984 2410 1624 2493 animum'promittitY’
1670 2448 1753 2458 --
1788 2411 2021 2491 Agebat

264 2494 563 2557 Pluribus:
604 2495 852 2556 adverso
896 2497 1185 2559 nituerunt
1218 2498 1354 2558 vela
1399 2498 1741 2577 profunde·
2010 2549 2017 2560 .
2068 2523 2073 2530 ·
2139 2506 2243 2560 130

262 2578 495 2640 Lemnia
541 2580 749 2641 classis
790 2589 946 2659 erat,
988 2583 1177 2662 rapuit
1216 2581 1420 2659 gavisa
1459 2579 1685 2658 Polyxo
1925 2603 1930 2608 ·

262 2663 574 2727 Fortunam
615 2673 789 2745 atque
826 2666 1028 2727 iterat:
1078 2666 1423 2746 ‘superisne
1464 2664 1805 2726 vocantibus
1849 2666 2001 2728 ultro

261 2747 594 2810 Desumus‘?
639 2768 784 2810 0000
825 2758 1013 2827 rates,
1059 2750 1204 2811 deus
1247 2751 1390 2829 hoS,
1436 2751 1581 2813 deus
1627 2750 1782 2810 ultor
1818 2751 1877 2811 in
1918 2753 2037 2812 iras

263 2833 558 2914 Apportat
593 2834 940 2914 coeptisque
980 2834 1157 2896 favet.
1243 2834 1373 2897 Nec
1410 2838 1604 2913 imago
1650 2835 1860 2914 quietis

261 2918 428 2979 Vana
468 2937 662 2980 meae:
705 2919 860 2979 nudo
897 2917 1086 2980 stabat
1125 2918 1324 2981 Venus
1369 2939 1547 2998 ense,
1584 2920 1769 2981 videri
2138 2930 2239 2986 135

266 3000 440 3064 Clara
482 3004 617 3065 mihi
659 3019 1011 3083 somnosque
1052 3021 1246 3083 super.
1306 3004 1488 3079 ‘Quid
1534 3004 1776 3084 perditis
1812 3003 2056 3067 aevum?

260 3086 483 3167 Inquit,
523 3105 638 3167 age
678 3090 905 3149 aversis
940 3086 1222 3149 thalamos
1267 3099 1510 3167 purgate
1552 3090 1788 3150 maritis.

260 3171 399 3252 Ipsa
435 3172 599 3234 faces
641 3173 786 3234 alias
824 3173 1185 3252 melioraque
1227 3172 1471 3236 foedera
1508 3174 1755 3252 iungam.

260 3257 461 3335 Dixit,
508 3265 569 3318 et
608 3257 726 3320 hoc
762 3258 975 3320 ferrum
1018 3258 1247 3335 stratis,
1297 3258 1443 3334 hoc,
1491 3257 2006 3335 credite,·ferrum

260 3340 544 3421 Inposuit.
634 3342 784 3417 Quin
819 3360 855 3404 o
893 3343 1180 3420 miserae,
1226 3342 1357 3403 dum
1398 3352 1625 3423 tempus
1669 3342 1789 3420 agit
1831 3357 1974 3419 rem,
2137 3349 2240 3406 140

264 3424 595 3497 Consulite;
641 3445 720 3490 en
756 3427 963 3491 validis
1000 3436 1265 3511 spumant
1307 3444 1517 3491 eversa
1559 3428 1797 3490 lacertis
