2517 3909
352 120 469 186 168
985 135 988 138 ·
1033 133 1096 181 P.
1143 132 1410 181 mmm
1448 131 1683 183 snm

342 290 438 351 Nil
482 288 732 350 stridere
774 288 927 349 dmni
969 288 1246 350 volucres
1289 298 1351 349 ut
1390 289 1571 349 sensit
1614 288 1874 364 abactas,

340 375 603 435 Necdum
645 384 766 435 tota
808 373 989 450 fides,
1031 373 1231 433 hilaris
1271 385 1499 435 mensas
1546 392 1620 434 ue
1660 383 1965 453 torosque,

341 459 471 521 Nec
515 457 739 520 turbata
786 459 927 519 feris
961 459 1230 519 tractavit
1270 458 1483 538 pocula
1502 393 1752 539 qpennis.

469 540 682 604 Cetera
726 541 1025 605 Graiorum
1064 544 1216 603 curis
1262 544 1550 624 armisque
1587 543 1819 604 iacebat

341 629 527 691 Fessa
572 628 815 697 cohors;
863 628 983 689 alto
1026 637 1346 688 castrorum
1390 647 1465 688 ex
1505 646 1729 707 aggere
1771 627 2057 688 Adrastus
2235 637 2339 691 260

339 712 651 774 Laetificos
701 714 858 773 tenui
902 711 1173 792 captabat
1212 713 1393 773 corde
1430 713 1725 789 tumultus,

343 797 697 877 Quamquam
740 816 922 875 aeger
955 797 1153 873 senio,
1199 795 1307 857 sed
1347 799 1466 875 agit
1511 796 1831 858 miseranda
1868 804 2135 875 potestas

339 882 652 960 Invigilare
690 882 872 943 malis.
952 880 1120 942 Illum
1158 900 1367 943 aereus
1410 882 1663 962 undique
1706 881 1928 944 elamor

341 967 720 1047 Thebanique
762 975 931 1026 urunt
975 968 1230 1043 sonitus,
1278 975 1337 1026 et
1380 983 1572 1027 amara
1614 967 1857 1028 lacessit

341 1051 541 1127 Tibia,
584 1060 701 1111 tum
740 1052 911 1112 nimio
954 1068 1138 1111 voces
1174 1067 1443 1112 marcore
1485 1051 1773 1131 superbae
2226 1059 2332 1113 265

339 1136 724 1216 Incertaeque
766 1137 959 1212 faces,
1003 1145 1064 1196 et
1104 1136 1215 1196 iam
1256 1136 1406 1196 male
1452 1136 1702 1216 pervigil
1739 1136 1908 1212 ignis.

342 1222 443 1282 Sic
485 1220 584 1281 ubi
619 1238 730 1300 per
769 1220 978 1281 fluctus
1014 1238 1130 1281 uno
1175 1222 1315 1281 ratis
1358 1221 1563 1281 obruta
1605 1238 1809 1280 somno

345 1302 669 1382 Conticuit,
713 1308 972 1384 tantique
1005 1306 1181 1365 maris
1224 1323 1433 1367 secura
1473 1307 1742 1366 iuventus

340 1389 689 1451 Mandavere
734 1390 980 1459 animas;
1025 1390 1187 1451 solus
1225 1395 1339 1451 stat
1377 1406 1575 1470 puppe
1622 1389 1900 1467 magister

340 1474 596 1551 Pervigil
636 1475 1027 1553 inscriptaque
1071 1475 1219 1535 deus
1261 1476 1358 1555 qui
1398 1476 1633 1553 navigat
1674 1474 1828 1535 alno.
2226 1477 2337 1535 270

465 1558 721 1638 Tempus
757 1567 918 1635 erat,
959 1561 1187 1620 iunctos
1230 1577 1402 1639 quum
1439 1561 1553 1621 iam
1597 1575 1769 1619 soror
1809 1559 1982 1636 ignea
2019 1559 2246 1621 Phoebi

342 1644 529 1704 Sentit
572 1661 757 1723 equos
800 1644 1146 1723 penitusque
1184 1662 1384 1705 cavam
1430 1644 1535 1703 sub
1578 1643 1710 1704 luce
1755 1653 1955 1722 parata

343 1726 560 1787 Oceani
593 1728 813 1806 mugire
857 1728 1118 1806 domum,
1164 1746 1420 1809 seseque
1463 1738 1770 1806 vagantem

342 1810 583 1889 Colligit
629 1821 687 1872 et
725 1822 883 1873 moto
927 1813 1139 1874 leviter
1179 1812 1342 1891 fugat
1386 1822 1541 1873 astra
1583 1812 1843 1890 flagello.

343 1894 664 1958 Concilium
706 1916 814 1958 rex
856 1899 1022 1959 triste
1054 1907 1257 1973 voeat,
1296 1906 1692 1977 quaeruntque
1727 1905 2052 1975 gementes,
2224 1906 2330 1963 275

342 1981 484 2055 Quis
523 1983 782 2061 tripodas
824 2000 1137 2043 successor
1179 1991 1345 2059 agat,
1391 2000 1507 2062 quo
1550 1982 1779 2062 prodita
1820 1982 2019 2042 laurus

341 2066 620 2126 Transeat
662 2076 836 2145 atque
879 2066 1079 2126 orbum
1121 2067 1301 2129 vittae
1344 2066 1542 2127 decus.
1625 2066 1790 2127 Haud
1831 2082 2024 2145 mora,
2068 2069 2263 2129 cuncti

338 2150 627 2229 Insignem
664 2151 813 2211 fama
856 2161 1177 2231 sanctoque
1218 2150 1587 2231 Melampode
1626 2160 1844 2211 cretum

340 2234 751 2296 Thiodamanta
790 2235 1023 2312 volunt,
1069 2238 1309 2314 quicum«
1334 2238 1462 2315 ipse
1505 2254 1715 2297 arcana
1757 2236 1997 2297 deorum

338 2319 543 2380 Partiri
586 2329 646 2380 et
687 2322 843 2381 visas
883 2322 978 2380 uni
1020 2322 1249 2381 sociare
1294 2320 1528 2381 solebat
2224 2329 2332 2384 280

337 2404 717 2483 Amphiaraus
763 2423 935 2481 aves,
980 2414 1292 2483 tantaeque
1332 2405 1482 2466 haud
1527 2404 1750 2466 invidus
1788 2406 1926 2464 artis

340 2488 639 2550 Gaudehat
679 2489 794 2550 dici
838 2489 1080 2550 similem
1121 2492 1396 2570 iuxtaque
1441 2488 1774 2550 seeundum.

336 2567 505 2633 Illum
544 2573 750 2651 ingens
787 2575 1082 2636 confundit
1123 2574 1313 2634 honos
1351 2575 1700 2654 inopinaque
1740 2572 1934 2633 turbat

340 2656 569 2734 Gloria,
617 2667 677 2718 et
720 2659 948 2720 oblatas
988 2658 1227 2720 frondes
1273 2659 1589 2720 submissus
1630 2658 1853 2734 adorat,

338 2742 537 2820 Seque
590 2743 753 2803 oneri
793 2752 970 2822 negat
1013 2761 1150 2803 esse
1191 2762 1395 2822 parem
1442 2745 1694 2822 cogique
1739 2751 2008 2804 meretur.
2224 2749 2326 2804 285

463 2827 623 2887 Sicut
664 2827 1087 2888 Achaemenius
1131 2828 1340 2887 solium
1387 2838 1713 2906 gentesque
1755 2836 2033 2906 paternas

339 2905 592 2989 Excepit
636 2913 686 2971 si
728 2912 883 2971 forte
925 2929 1103 2990 puer,
1149 2913 1242 2972 cui
1285 2913 1486 2973 vivere
1530 2922 1754 2992 patrem

337 2993 569 3072 Tutius,
615 2996 837 3057 incerta
879 2996 1179 3058 formidine
1220 2997 1430 3074 gaudia
1473 2997 1665 3073 librat,

335 3080 430 3139 An
468 3079 564 3140 fidi
607 3096 923 3160 proceres,
967 3099 1040 3141 ne
1083 3091 1303 3161 pugnet
1338 3081 1548 3160 vulgus
1589 3081 1881 3154 habenis,”

340 3162 447 3224 Cui
489 3163 640 3224 latus
674 3162 1036 3243 Euphratae,
1079 3168 1174 3225 cui
1212 3165 1425 3246 Caspia
1465 3167 1655 3227 limina
1688 3163 1936 3226 mandet.
2054 3199 2059 3204 -
2234 3172 2334 3228 290

340 3248 582 3308 Sumere
623 3258 760 3308 tunc
805 3266 978 3309 arcus
1015 3251 1319 3329 ipsumque
1368 3268 1614 3312 onerare
1654 3257 1893 3312 veretur

336 3329 519 3390 Patris
565 3348 806 3411 equum,
849 3333 1126 3411 visusque
1170 3334 1280 3394 sibi
1319 3353 1433 3398 nec
1471 3344 1710 3415 sceptra
1748 3334 1953 3413 capaci

339 3413 678 3477 Sustentare
713 3434 883 3480 manu
920 3433 1034 3477 nee
1071 3417 1259 3478 adhuc
1300 3420 1531 3499 inplere
1572 3420 1793 3481 tiaram.
