2517 3909
329 104 451 167 200
1000 120 1065 168 P.
1104 119 1371 169 namn
1419 118 1652 168 sum

329 272 483 334 Orba
524 272 771 343 cohors;
815 272 1100 352 praebent
1143 274 1342 336 obnixi
1380 284 1624 354 pectora
1665 275 1853 351 ferro,

324 358 484 419 Idem
525 357 699 418 ardor
740 356 956 420 rabidis
996 368 1297 421 externum
1336 360 1566 422 haurire
1601 376 1868 420 cruorem

327 443 421 502 Ac
462 442 682 502 fudisse
729 461 922 520 suum,
966 462 1078 504 nee
1126 463 1193 505 se
1236 446 1487 523 vestigia
1528 453 1770 504 mutant.

327 529 455 588 Stat
497 544 684 587 cuneo
730 527 921 589 defixa
964 530 1154 606 acieS,
1196 529 1473 612 hostique
1509 536 1751 589 cruento

326 611 477 672 Dant
515 611 764 689 animas,
810 621 870 672 et
912 621 1079 691 terga
1124 624 1373 691 negant,
1420 632 1589 693 quum
1635 613 1800 692 lapsa
1840 630 1950 693 per
1991 631 2168 673 auras

326 695 566 756 Vertice
608 695 845 756 Dircaei
888 698 1067 758 velox
1102 697 1342 759 Latonia
1381 700 1589 758 montis

327 780 587 849 Adstitit;
634 790 954 859 agnoscunt
999 783 1220 859 colles,
1259 792 1570 862 notamque
1615 782 1893 842 tremiscit

328 864 489 925 Silva
534 864 729 942 deam,
775 869 968 927 saevis
1013 866 1108 927 ubi
1153 867 1442 946 quondam
1484 875 1688 927 exerta
1726 865 1952 943 sagittis

327 947 697 1010 Foecundam
732 949 889 1010 lasso
934 949 1166 1012 Nioben
1209 961 1653 1031 consumpserat
1694 968 1852 1009 arcu.

461 1031 627 1094 Illum
664 1035 826 1095 acies
862 1037 1013 1096 inter
1049 1038 1269 1099 medias
1312 1038 1424 1097 iam
1470 1036 1653 1097 caede
1697 1034 2012 1113 superbum

326 1117 575 1178 Nescius
618 1135 903 1179 armorum
946 1129 1006 1182 et
1047 1122 1262 1199 primas
1306 1130 1441 1181 tunc
1483 1139 1692 1200 passus
1735 1118 1996 1180 habenas
2042 1135 2054 1148 ·

327 1202 590 1263 Venator
630 1202 895 1282 raptabat
930 1224 1147 1285 equus,
1195 1223 1369 1285 quem
1412 1205 1671 1266 discolor
1713 1202 1889 1263 ambit

329 1286 523 1364 Tigris
568 1297 626 1349 et
669 1290 884 1348 auratis
929 1289 1280 1350 adverberat
1320 1289 1608 1367 unguibus
1656 1306 1866 1349 armos.

331 1369 501 1431 Colla
543 1372 751 1433 sedent
794 1373 960 1434 nodis
1005 1382 1064 1434 et
1108 1376 1392 1453 castigata
1428 1374 1684 1434 iubarum

326 1454 631 1533 Liber-tae,
678 1459 1047 1536 nemorisque
1084 1468 1257 1519 notae
1302 1458 1410 1519 sub
1447 1466 1691 1538 pectore
1735 1457 1921 1537 primo

326 1540 620 1600 Iactantur
660 1542 836 1601 niveo
879 1541 1071 1603 lunata
1119 1544 1354 1603 monilia
1393 1544 1585 1604 dente.

326 1624 466 1702 Ipse
512 1624 600 1684 bis
645 1625 890 1687 Oebalio
934 1637 1243 1689 saturatam
1288 1630 1505 1688 murice
1549 1626 1764 1707 pallam

326 1707 736 1790 Lucentesque
773 1728 913 1772 auro
958 1714 1179 1773 tunicas
1223 1745 1310 1760 -—-
1341 1713 1457 1773 hoc
1500 1720 1740 1772 neverat
1784 1728 1955 1770 unum

324 1792 513 1853 Mater
558 1810 706 1873 opus
751 1830 834 1840 —-
876 1797 1033 1856 tenui
1074 1797 1366 1858 collectus
1406 1799 1464 1856 in
1505 1797 1603 1856 ilia
1644 1794 1838 1855 vinclo

330 1875 677 1960 Cornipedis
725 1881 895 1941 laevo
943 1881 1195 1961 clipeum
1239 1883 1553 1942 demiserat
1597 1898 1778 1956 armo,

325 1961 485 2023 Ense
531 1966 725 2042 gravis
769 1967 976 2034 nimio;
1024 1968 1197 2027 tereti
1240 1968 1397 2027 iuvat
1439 1984 1618 2027 aurea
1660 1982 1854 2025 morsu

326 2046 531 2108 Fibula
575 2050 899 2127 pendentes
946 2052 1161 2111 circum
1205 2051 1391 2111 latera
1435 2068 1647 2129 aspera
1693 2051 1944 2118 cinctus;

327 2131 707 2212 VagInaeque
744 2150 948 2195 sonum
985 2135 1405 2213 tremulumque
1443 2135 1641 2195 audire
1683 2134 1994 2214 pharetrae

327 2212 578 2276 Murmur
615 2227 673 2277 et
709 2237 741 2278 a
786 2235 936 2278 cono
980 2221 1185 2280 missas
1223 2223 1283 2280 in
1324 2229 1493 2297 terga
1538 2228 1793 2295 catenaS,

326 2299 615 2361 Interdum
657 2304 865 2364 cristas
910 2303 1110 2364 hilaris
1151 2306 1367 2364 iactare
1416 2312 1734 2380 comantes,

325 2382 403 2444 Et
443 2386 655 2464 pictum
697 2390 939 2465 gemmis
980 2388 1192 2465 galeae
1233 2389 1425 2458 iubam
1475 2398 1563 2449 ast
1607 2387 1703 2447 ubi
1745 2404 1939 2466 pugna

329 2466 527 2529 Cassis
564 2470 771 2532 anhela
813 2473 999 2549 calet,
1044 2474 1308 2534 resoluto
1352 2475 1579 2533 vertice
1621 2472 1805 2532 nudus

327 2551 634 2624 Exoritur;
681 2564 816 2617 tunc
861 2557 1034 2618 dulce
1063 2576 1290 2618 comae
1337 2558 1631 2636 radiisque
1674 2558 1956 2619 micantes

326 2636 516 2698 Dulce
560 2640 741 2700 nitent
785 2643 945 2702 visus
987 2651 1078 2719 et,
1128 2661 1270 2721 quas
1315 2642 1476 2702 dolet
1518 2645 1649 2720 ipse
1687 2642 1921 2717 morari,

323 2720 592 2783 Nondum
632 2734 883 2787 mutatae
924 2744 1099 2787 rosea
1142 2728 1412 2805 lanugine
1454 2726 1661 2787 malae.

324 2804 453 2867 Nec
499 2807 719 2869 formae
764 2811 885 2871 sihi·
916 2810 1087 2872 laude
1129 2811 1327 2890 placet
1369 2810 1718 2888 multumque
1766 2810 1997 2870 severis

325 2891 583 2972 Asperat
628 2910 730 2953 ora
771 2897 967 2971 minis,
1024 2895 1130 2955 sed
1170 2896 1374 2957 frontis
1419 2904 1614 2954 servat
1656 2894 1936 2955 honorem

323 2975 416 3036 Ira
461 2976 716 3047 decens;
760 2979 856 3039 dat
900 2988 1112 3057 sponte
1155 2980 1346 3041 locum
1388 2979 1661 3040 Thebana
1703 2981 1989 3056 iuventus,

323 3059 601 3122 Natorum
641 3081 962 3137 memores,
1004 3065 1338 3145 intentaque
1383 3065 1499 3125 tela
1542 3072 1908 3143 retorquent,

325 3145 445 3206 Sed
487 3148 698 3224 premit
748 3156 810 3208 et
852 3165 1061 3208 saevas
1104 3149 1509 3210 miserantibus
1551 3150 1763 3226 ingerit
1806 3148 2022 3208 hastas.

321 3229 490 3289 lllum
528 3239 586 3289 et
630 3232 904 3293 Sidoniae
948 3233 1081 3309 iuga
1119 3251 1228 3310 per
1272 3232 1618 3293 Theumesia
1661 3232 1947 3312 nymphae

321 3312 644 3373 Bellantem
685 3324 860 3394 atque
903 3316 1034 3394 ipso
1080 3316 1294 3376 sudore
1339 3327 1398 3376 et
1434 3317 1677 3396 pulvere
1718 3326 1945 3396 gratum

319 3394 605 3474 Laudant,
643 3406 703 3457 et
745 3400 921 3460 tacito
962 3398 1175 3460 ducunt
1213 3403 1463 3479 suspiria
1495 3404 1667 3462 voto.'

2231 367 2333 423 675

2225 794 2332 848 680

2226 1638 2330 1692 690

2220 2058 2321 2114 695

2219 2478 2316 2533 700

2225 2898 2315 2955 705

2220 3324 2320 3379 710
