2517 3909
397 118 477 182 84
1061 132 1124 180 P.
1168 131 1437 182 PAPmu
1479 131 1711 182 ern-11

398 290 726 369 spirantum
765 287 958 358 rabie3
1002 306 1116 352 nec
1153 289 1305 352 tristi
1342 286 1679 352 incumbere
1706 288 1883 352 sulco
1938 319 1943 322 -

401 371 584 449 Cura,
626 374 734 434 sed
771 373 1054 434 alternum
1097 374 1333 453 cupiunt
1372 373 1604 435 haurire
1648 391 1933 436 cruorem.
2286 378 2392 433 560

397 458 664 519 Proxima
705 467 963 520 natarum
999 476 1198 518 manus
1233 467 1359 534 est,
1403 458 1638 538 fletique
1673 467 1942 537 nepotes.
2246 473 2251 476 ·

394 543 502 604 Hic
541 542 739 605 orbam
774 542 1088 604 Autonoen
1123 549 1188 603 'et
1229 543 1496 606 anhelam
1537 544 1824 606 cernimus
1864 540 1968 604 Ino

395 627 851 707 Respectantem
894 644 1065 700 arcus
1108 636 1174 687 et
1209 627 1285 688 ad
1328 627 1508 690 ubera
1546 627 1721 688 dulce
1772 634 2131 706 prementem

393 712 640 791 Pignus,
683 722 745 773 et
786 712 1073 791 oppositis
1115 712 1391 774 Semelen
1433 731 1466 773 a
1505 720 1710 774 ventre
1748 710 2006 776 lacertis.

392 797 650 858 Penthea
692 798 803 858 iam
844 796 1048 857 fractis
1090 798 1361 874 genetrix
1405 794 1680 858 Cadmeia
1713 796 1949 871 thyrsis,
2282 801 2386 857 565

394 882 514 943 Iam
555 882 787 943 dimissa
827 881 976 958 dec,
1014 890 1341 960 pectusque
1378 881 1654 960 adaperta
1702 889 1997 942 cruentum

393 967 724 1045 Insequitur
764 966 1028 1045 planctu3
1073 966 1222 1043 fugit
1259 966 1363 1027 ille
1408 984 1519 1045 per
1559 966 1686 1028 avia
1725 964 1940 1026 Lethes

394 1051 471 1113 Et
508 1052 746 1129 Stygios
792 1068 1157 1130 superosque
1198 1050 1393 1127 lacus,
1439 1049 1539 1112 ubi
1579 1051 1768 1112 mitior
1809 1048 1970 1108 illum

394 1136 529 1197 Flet
571 1145 738 1215 pater
784 1144 842 1196 et
876 1135 1133 1196 lacerum
1175 1136 1469 1214 componit
1507 1151 1721 1213 corpus
1763 1132 2008 1194 Echion.

395 1221 645 1282 Tristem
680 1237 866 1281 nosco
900 1219 1117 1295 Lycum
1158 1219 1535 1299 dextramque
1572 1220 1635 1282 in
1673 1228 1842 1296 terga
1877 1216 2159 1277 reflexum
2285 1223 2388 1280 570

394 1305 718 1381 Aeoliden,
757 1304 1000 1365 humero
1041 1306 1350 1365 iactantem
1387 1304 1557 1364 funus
1603 1312 1830 1366 onusto,

391 1390 655 1451 Necdum
698 1389 800 1450 ille
843 1398 941 1461 aut
975 1388 1240 1466 habitus,
1277 1397 1382 1450 aut
1421 1406 1630 1450 versae
1675 1387 1909 1448 crimina
1954 1384 2174 1446 formae

392 1473 575 1535 Mutat
615 1473 888 1535 Aristaeo
921 1475 1188 1551 genitus:
1235 1473 1398 1536 frons
1436 1490 1647 1552 aspera
1691 1489 1893 1547 cornu,

395 1559 541 1620 Tela
580 1576 784 1635 manu,
827 1559 1114 1637 reicitque
1151 1576 1327 1620 canes
1367 1560 1426 1620 iu
1463 1558 1673 1622 vulnus
1707 1556 1950 1617 hiantes,

392 1643 557 1705 Ecce
596 1651 784 1704 autem
823 1661 1031 1721 magna
1074 1642 1226 1704 subit
1270 1642 1555 1706 invidiosa
1596 1650 1833 1704 caterva
2279 1643 2376 1700 575

395 1727 651 1790 Tantalis
694 1729 1012 1789 et⁴.tumido
1045 1736 1361 1808 percenset
1401 1728 1603 1790 funera
1647 1726 1825 1800 luctu,

392 1812 491 1874 Nil
534 1813 763 1874 deiecta
802 1813 998 1883 malis3
1039 1814 1197 1873 iuvat
1240 1812 1522 1889 effugisse
1566 1811 1806 1872 deorum

394 1897 637 1959 Numina
684 1906 746 1957 et
785 1897 1024 1959 insanae.
1059 1897 1192 1977 plus
1227 1898 1340 1957 iam
1377 1898 1717 1975 permittere
1757 1892 2033 1970 linguae:

521 1981 683 2043 Talia
727 1982 857 2043 dum
897 1983 1048 2062 patri
1085 1983 1236 2044 canit
1277 1983 1617 2044 intemerata
1654 1978 1956 2054 sacerdos,

393 2067 558 2129 Illius
608 2067 777 2128 elatis
819 2065 1158 2127 tremefacta
1197 2065 1712 2144 assurgere-vittis
2285 2067 2380 2123 580

397 2150 701 2228 CanicieS,
749 2151 1023 2229 tenuique
1068 2151 1275 2230 inpelli
1311 2152 1588 2229 sanguine
1632 2147 1844 2214 vultus.

394 2236 524 2298 Nec
566 2237 675 2298 iam
717 2235 960 2295 firmanti
1002 2235 1245 2313 bacu10,
1292 2253 1404 2296 nec
1446 2236 1671 2313 virgine
1712 2233 1825 2294 fida

396 2320 638 2397 Nititur,
686 2329 1038 2398 erectusque
1082 2320 1215 2381 solo
1284 2319 1558 2384 ‘Desiste
1603 2317 1886 2395 canende,

395 2404 577 2481 Nata,
620 2406 727 2466 ait:
772 2414 1051 2466 externae
1092 2406 1233 2466 satis
1279 2414 1370 2466 est
1406 2405 1541 2465 mihi
1578 2404 1761 2478 lucis,
1805 2404 2026 2464 inertes

396 2488 718 2550 Discedunt
760 2488 1042 2567 nebulae,
1090 2500 1148 2551 et
1186 2490 1404 2552 vultum
1438 2490 1607 2567 niger
1649 2488 1808 2552 exuit
1850 2504 1970 2548 aer.
2285 2496 2382 2551 585

395 2572 737 2651 Umbrisne,
782 2593 853 2635 an
895 2593 1109 2655 supero
1150 2593 1243 2636 me
1285 2576 1510 2636 missus·
1538 2572 1815 2652 Apolline
1858 2570 2119 2649 complet

397 2653 689 2736 Spiritus?
735 2676 809 2719 eu
842 2660 1015 2720 video
1058 2677 1460 2739 quaecumque
1498 2657 1716 2720 audita!
1802 2656 1922 2720 Sed
1964 2673 2127 2724 ecce.
2228 2720 2239 2730 ,

394 2742 663 2803 Moereut
699 2742 968 2821 Argolici
1003 2744 1233 2805 deiecto
1275 2745 1483 2806 lumine
1526 2761 1746 2806 manes.

398 2827 623 2888 Torvus
664 2826 826 2887 Abas
858 2827 1219 2907 Proctusque
1259 2847 1483 2890 nocens
1513 2829 1781 2906 mitisque
1814 2825 2185 2904 -PhoroneuS,

398 2912 836 2991 Truncatusque
872 2911 1089 2990 Pelops
1136 2921 1195 2973 et
1234 2931 1414 2974 saevo
1459 2913 1702 2991 pulvere
1743 2912 1989 2974 sordens
2287 2922 2385 2977 590

399 2996 731 3058 Oenomaus
774 2996 951 3073 largis
995 2995 1324 3058 humectant
1364 2996 1638 3058 imbribus
1662 3014 1807 3056 bra.

398 3082 672 3160 Auguror
708 3080 841 3141 hinc
886 3079 1100 3141 Thebis
1139 3079 1285 3142 belli
1321 3082 1583 3144 meliora.
1671 3080 1824 3155 Quid
1866 3089 2057 3144 autem

398 3166 470 3227 Hi
504 3183 691 3244 grege
733 3164 1029 3228 condenso
1067 3200 1151 3212 ---
1183 3175 1456 3244 quantum
1498 3184 1654 3228 arma
1684 3174 1746 3225 et
1777 3164 2016 3226 vulnera
2043 3176 2384 3240 monstrant,

397 3250 702 3327 Pugnaces
739 3250 994 3327 animae,
1040 3284 1122 3299 --
1161 3250 1334 3311 nobis
1374 3252 1433 3312 iu
1474 3252 1750 3329 sanguiue
1793 3248 1972 3312 multo

400 3333 633 3412 Oraque
676 3342 1036 3414 pectoraque
1077 3343 1136 3394 et
1171 3334 1323 3395 falso
1365 3335 1622 3396 clamore
1668 3336 1890 3397 levatas
2291 3342 2389 3399 595

398 3416 706 3478 Intendunt
746 3418 871 3502 sine
914 3437 1063 3499 pace
1102 3417 1344 3481 manus?
1420 3420 1583 3497 Rex,
1622 3420 1831 3498 fallor,
1874 3437 1943 3482 aa
1985 3417 2042 3478 hi
2089 3429 2222 3479 sunt
