2517 3909
810 163 1206 215 mammos
1249 166 1391 214 Lm.
1434 165 1531 213 ιν.
2075 150 2155 212 85

169 319 600 401 Quinquaginta
641 318 769 382 illi?
811 323 1003 383 cernis
1046 315 1509 402 Chthoniumque
1558 319 1944 402 Chrominque

166 405 525 484 Phegeaque
566 415 626 467 et
666 415 865 469 nostra
910 408 1277 486 praesignem
1318 406 1563 467 Maeona
1601 406 1786 466 lauro.
1844 419 1847 426 ·
1882 423 1887 430 ·

167 488 264 551 Ne
306 492 561 569 saevite,
602 492 819 568 duces,
861 491 998 552 nihil
1039 493 1135 553 hie
1171 491 1508 552 mortalibus
1548 507 1747 551 ausum
1858 485 1864 492 ’

171 573 411 635 Credite
452 576 743 637 consiliis:
785 576 894 636 hos
936 576 1129 637 ferrea
1172 586 1416 636 neverat
1456 591 1637 636 annos
2055 584 2160 640 600

165 659 453 740 Atropos.
528 658 749 721 Existis
793 677 994 721 casus:
1038 660 1196 721 bella
1240 661 1474 722 horrida
1516 659 1705 735 nobis,

165 744 367 823 Atque
414 745 621 806 iterum
655 745 933 822 Tydeus.⁹
1015 744 1207 821 Dixit,
1250 748 1508 824 vittaque
1548 745 1745 822 ligatis

165 828 493 890 Frondibus
536 830 815 891 instantes
857 830 1037 909 abigit
1074 840 1471 910 monstratque
1509 843 1795 890 cruorem.

298 912 498 974 Stabat
536 915 707 995 inops
747 916 1016 976 comitum
1062 915 1271 991 Cocyti
1313 917 1371 975 in
1412 915 1584 975 litore
1622 921 1851 983 moesto

163 997 370 1075 Laius,
413 999 593 1059 inmiti
638 1017 806 1078 quem
847 1002 959 1059 iam
1004 1000 1145 1061 deus
1189 1001 1314 1061 ales
1358 999 1595 1059 Averno
2028 1005 2156 1061 '605

164 1082 558 1161 Reddiderat,
600 1081 900 1165 dirumque
934 1081 1103 1145 tuens
1143 1085 1380 1164 obliqua
1417 1093 1712 1165 nepotem,

165 1166 377 1228 Nescit
418 1168 565 1228 enim
606 1170 800 1247 vultu,
846 1186 962 1229 uon
1001 1170 1103 1230 ille
1136 1179 1233 1232 aut
1277 1170 1571 1248 sanguinis
1609 1168 1845 1228 haustus

167 1250 388 1313 Cetera
428 1270 537 1313 eeu
580 1254 825 1333 plebeS,
869 1254 1115 1315 aliumve
1155 1255 1385 1315 aceedit
1426 1253 1498 1314 ad
1540 1252 1804 1328 imbrem,

160 1335 478 1399 Inmortale
523 1339 714 1399 odium
756 1340 1001 1419 spirans.
1085 1340 1204 1401 Sed
1244 1339 1481 1418 prolicit
1507 1337 1672 1398 ‘ultro

164 1422 393 1483 Aonius
434 1432 629 1483 vates:
676 1423 923 1499 ‘Tyriae
963 1423 1081 1485 dux
1118 1424 1317 1485 inclite
1359 1423 1617 1498 Thebes,
2046 1431 2157 1486 ‘610

166 1505 349 1567 Cuius
389 1506 462 1566 ab
507 1506 733 1568 interitu
778 1526 892 1569 non
933 1507 1051 1569 ulla
1094 1503 1434 1588 Amphionis
1477 1524 1646 1568 arces

160 1591 326 1652 Vidit
364 1590 545 1653 amica
584 1592 730 1653 dies,
822 1592 870 1653 Ο
911 1593 1022 1653 iam
1062 1594 1201 1653 satis
1242 1594 1363 1654 ulte
1408 1600 1704 1652 cruentum

161 1674 418 1736 Exitium
463 1685 523 1736 et
565 1678 802 1737 multum
844 1677 1073 1756 placata
1113 1676 1431 1737 minoribus
1461 1675 1682 1751 umbra,

163 1759 332 1836 Quos
372 1760 698 1822 miserande
742 1758 938 1839 fugis?
1014 1760 1176 1821 lacet
1209 1761 1312 1821 ille
1355 1762 1413 1819 in
1454 1760 1659 1821 funere
1684 1759 1881 1836 longo

163 1841 355 1918 Quem
389 1848 640 1924 premiS,
687 1853 748 1907 et
785 1847 1014 1906 iunctae
1058 1847 1232 1907 sentit
1273 1845 1519 1905 confinia
1558 1845 1781 1922 mortis,
2047 1853 2154 1909 615

163 1926 404 1992 Obsitus
446 1929 759 1991 exhaustos
798 1931 1022 2009 pedore
1066 1939 1125 1991 et
1168 1930 1448 2009 sanguine
1488 1930 1683 1990 vultus

162 2010 524 2094 Eiectusque
567 2014 682 2075 die.
766 2016 910 2076 Sors
951 2014 1073 2075 leto
1119 2015 1318 2076 durior
1357 2013 1530 2091 omui,

164 2095 362 2160 Crede
404 2098 570 2159 mihi:
617 2117 896 2178 quaenam
939 2100 1260 2160 inmeritum
1295 2101 1480 2160 vitare
1520 2105 1795 2178 nepotem

164 2180 358 2244 Causa
405 2180 550 2244 tibi?
593 2184 796 2266 eonfer
836 2184 1087 2262 vultum,
1129 2193 1189 2245 et
1223 2184 1439 2264 satiare
1484 2183 1665 2243 litanti

164 2268 494 2348 Sanguine,
537 2279 924 2348 venturasque
969 2270 1137 2330 vices
1179 2277 1238 2329 et
1283 2269 1487 2329 funera
1527 2268 1672 2328 belli
2049 2275 2157 2331 620

161 2353 362 2415 Pande
401 2353 500 2413 vel
541 2353 831 2431 infensus,
874 2354 972 2414 vel
1014 2373 1113 2415 res
1152 2355 1427 2414 miserate
1463 2361 1706 2414 tuorum.

163 2437 329 2499 Tunc
364 2455 478 2517 ego
516 2445 576 2498 te
618 2447 818 2519 optata
862 2440 1098 2500 vetitam
1139 2438 1525 2500 transmittere
1568 2436 1789 2497 Lethen

162 2523 369 2603 Puppe
411 2521 561 2583 dabo
604 2523 1007 2603 placidumque
1051 2525 1146 2603 pia
1185 2522 1399 2583 tellure
1439 2538 1741 2602 reponam,

157 2607 242 2668 Et
283 2606 500 2685 Stygiis
541 2607 822 2669 mandabo
868 2608 1039 2669 deis.'
1114 2607 1404 2667 Muleetur
1443 2605 1687 2665 honoris

158 2690 498 2754 Muneribus
542 2691 823 2771 tingitque
866 2709 1086 2770 genas,
1126 2691 1336 2752 dehine
1377 2690 1514 2750 talia
1554 2688 1772 2751 reddit:
2046 2702 2154 2757 625

298 2773 451 2836 ‘Cur
490 2775 594 2836 tibi
636 2778 892 2836 versanti
933 2793 1165 2853 manes,
1209 2791 1509 2856 aequaeve
1551 2775 1853 2854 sacerdos,

157 2862 375 2925 Lectus
421 2876 535 2939 ego
578 2861 855 2939 augurio,
897 2862 1186 2940 tantisque
1230 2861 1566 2940 potissimus
1606 2859 1837 2922 umbris-

161 2946 280 3023 Qui
317 2955 556 3008 ventura
597 2942 843 3024 loquar?
892 2946 1031 3005 satis
1075 2952 1166 3005 est
1201 2945 1530 3005 meminisse
1575 2946 1848 3024 priorum.

158 3030 454 3093 Nosti-ane
495 3030 826 3109 praeclari,·
862 3029 1107 3108 pudeat,
1155 3029 1418 3090 consulta
1461 3039 1710 3108 nepotes

164 3112 460 3176 Poscitis?
528 3114 728 3191 Illum,
771 3114 930 3174 illum
973 3114 1157 3174 saeris
1198 3112 1471 3175 adhibete
1520 3113 1785 3189 nefastis,
1978 3115 1981 3124 '
2045 3122 2155 3178 630*

164 3199 281 3274 Qui
322 3198 480 3260 laeto
526 3198 672 3261 fodit
712 3216 853 3259 ense
897 3207 1154 3278 patrem,
1199 3199 1297 3278 qui
1336 3207 1520 3258 semet
1562 3199 1620 3257 in
1658 3207 1820 3259 ortus
2152 3237 2157 3240 Δ

158 3284 356 3345 Vertit
398 3291 457 3345 et
498 3283 766 3361 indignae
801 3285 1025 3362 regerit
1069 3297 1173 3344 sua
1213 3284 1461 3365 pignora
1501 3283 1686 3344 matri.

160 3367 241 3430 Et
278 3387 429 3429 nune
467 3368 570 3430 ille
606 3368 754 3429 deos
795 3369 1184 3447 furiarumque
1230 3376 1366 3428 atra
1394 3368 1601 3446 fatigat

163 3452 461 3532 Concilia,
505 3462 564 3514 et
600 3461 831 3514 nostros
876 3462 1048 3531 rogat
1086 3453 1235 3515 haec
1277 3453 1334 3513 iu
1377 3452 1606 3532 proelia
1648 3465 1864 3540 manes.
