2517 3909
330 122 449 185 190
995 135 1059 184 P.
1099 134 1367 185 Parnm
1410 134 1645 184 s‘rA'rn
1778 130 1785 137 ·

326 293 501 353 ‘Vive
545 299 881 371 superstes,
928 291 1037 366 ait,
1080 291 1359 370 diraeque
1401 291 1474 353 ad
1510 292 1739 354 moenia
1778 290 2014 354 Thebes
2454 150 2459 441 ‹

323 378 499 440 Solus
543 376 666 453 abi,
711 378 958 436 miseros
999 391 1117 436 non
1151 376 1474 455 decepture
1514 386 1810 456 parentes.
2221 390 2324 447 295

321 462 397 523 Di
439 461 623 538 bene,
681 461 837 540 quod
878 477 1103 540 pugnas
1140 461 1406 540 rapidum
1440 461 1657 522 deiecit
1697 463 1757 523 in
1796 480 2023 524 amnem

325 548 650 626 sanguinea
691 544 936 606 Bellona
977 563 1180 620 manu3
1229 545 1402 606 trahit
1444 546 1594 607 unda
1635 548 1907 609 timentes

324 630 565 710 Gurgite
605 631 842 708 gentili,
885 629 1035 691 nuda
1078 648 1192 690 neo
1231 629 1444 690 flebilis
1486 631 1686 692 umbra

324 715 603 776 Stridebit
646 723 880 775 vestros
923 714 1157 790 Tydeus
1201 714 1521 775 inhumatus
1564 716 1636 776 ad
1680 717 1866 794 ignes.

320 799 486 861 Ibitis
527 800 839 879 aequoreis
878 798 1137 860 crudelia
1178 798 1393 879 pabula
1434 802 1729 876 monstris,
2226 814 2329 870 300

319 883 489 946 Illum
530 893 688 944 terra
727 883 889 943 vehit
930 901 1152 962 suaque
1191 886 1250 942 in
1286 885 1599 963 primordia
1641 885 1865 946 solvit!

450 971 549 1029 Sie
588 969 799 1048 premit
840 968 1123 1029 adversos
1168 977 1226 1029 et
1271 967 1515 1029 acerbat
1551 969 1791 1030 vulnera
1834 968 2025 1031 dietis.

321 1052 414 1115 Ae
447 1070 596 1113 nune
636 1071 778 1113 ense
818 1053 987 1129 furit,
1031 1071 1182 1112 nuno
1222 1053 1344 1113 tela
1384 1054 1634 1114 natantia
1671 1063 1908 1134 raptans

320 1139 568 1217 Ingerit,
614 1139 886 1217 innuptae
927 1140 1197 1198 comitem
1240 1137 1511 1198 Therona
1545 1138 1789 1216 Dianae,
2448 1044 2459 1315 {

321 1222 771 1303 Ruricolamque
816 1221 977 1298 Gyan
1017 1240 1145 1283 eum
1187 1222 1500 1300 fluetivago
1541 1221 1788 1301 Ergino,
2225 1236 2325 1291 ωε,

318 1307 729 1386 Intonsumque
772 1306 1002 1366 Hersen
1044 1315 1624 1387 contemptore-que
1662 1306 1934 1387 profundi
2456 1318 2457 1355 f

325 1391 609 1467 Crethea,
654 1391 972 1452 nimbosam
1017 1392 1112 1471 qui
1157 1409 1341 1470 saepe
1383 1389 1722 1472 Caphereos
1758 1409 1953 1453 areem

318 1475 734 1555 Euboicasque
778 1476 998 1536 hiemes
1038 1494 1217 1556 parva
1257 1476 1650 1553 transfugerat
1691 1476 1845 1538 alno.

322 1561 475 1636 Quid
518 1578 632 1620 uon
670 1559 785 1621 fata
830 1558 1082 1638 queant?
1133 1562 1411 1621 traiectus
1453 1570 1699 1640 pectora
1740 1561 1902 1622 ferro

318 1646 588 1706 Volvitur
628 1646 686 1705 in
728 1644 967 1721 fluetus,
1013 1647 1128 1708 heu
1174 1648 1337 1705 euius
1372 1646 1686 1724 naufragus
1728 1645 1947 1707 undae!
2220 1659 2322 1713 310

449 1729 533 1790 Te
580 1745 813 1809 quoque
853 1730 1081 1791 sublimi
1121 1739 1512 1791 transnantem
1556 1730 1782 1791 flumina
1826 1748 2019 1808 curru,

318 1815 464 1876 Dum
510 1817 738 1891 sociOS,
782 1813 1089 1892 Pharsalo,
1134 1817 1322 1894 petis,
1366 1817 1666 1894 refflpinat
1704 1815 1988 1894 ademptis

317 1901 533 1962 Dorica
585 1901 781 1979 cuspis
826 1902 1025 1979 equis;
1070 1899 1205 1960 illos
1243 1899 1524 1961 violentia
1560 1901 1725 1962 saevi

321 1985 573 2064 Gurgitis
618 1985 936 2063 infelixque
973 1985 1093 2061 iugi
1133 1984 1448 2045 eoncordia
1490 1985 1719 2063 mergit.
2456 2026 2457 2029 ,

443 2069 610 2130 Nune
645 2087 792 2148 age,
840 2071 969 2148 quis
1003 2070 1230 2131 tumidis
1257 2087 1523 2148 maguum
1552 2071 1973 2148 expugnaverit
2003 2072 2177 2133 undis
2218 2081 2317 2136 315

314 2154 777 2236 Hippomedonta
821 2152 1020 2230 labor,
1064 2173 1168 2214 eur
1208 2155 1341 2234 ipse
1386 2156 1615 2215 excitus
1654 2155 1715 2213 in
1755 2171 1910 2214 arma

317 2239 615 2315 Ismenos,
660 2238 868 2299 doctae
909 2256 1088 2299 nosse
1129 2240 1429 2317 indulgete
1472 2255 1741 2299 sorores:

314 2324 585 2384 Vestrum
630 2340 777 2402 opus
819 2325 906 2384 ire
945 2333 1105 2384 retro
1151 2333 1213 2384 et
1250 2324 1470 2383 senium
1514 2323 1835 2384 defendere
1871 2322 2080 2385 iamne.

318 2408 618 2469 Gaudebat
658 2407 854 2468 Fauno
899 2408 1267 2488 nymphaque
1308 2408 1595 2469 Ismenide
1638 2416 1805 2468 natus

314 2492 591 2553 Maternis
634 2492 859 2553 bellare
897 2503 1070 2554 tener
1112 2491 1411 2554 Crenaeus
1451 2494 1507 2553 iu
1544 2494 1737 2568 undis,
2213 2504 2315 2557 320
2454 2514 2455 2527 ἢ

319 2575 646 2653 Crenaeus,
694 2580 783 2637 eui
826 2579 1009 2657 prima
1054 2578 1180 2638 dies
1218 2579 1279 2638 in
1319 2580 1550 2656 gurgite
1595 2578 1713 2638 fido
2453 2534 2455 2691 A

315 2660 392 2722 Et
432 2661 622 2721 natale
666 2662 873 2722 vadum
918 2672 977 2723 et
1015 2662 1232 2723 virides
1282 2662 1562 2724 cunabula
1599 2663 1783 2741 ripae.

312 2745 476 2824 Ergo
518 2755 676 2806 ratus
721 2746 859 2807 nihil
895 2746 1130 2823 Elysias
1170 2747 1252 2807 ibi
1293 2764 1476 2826 posse
1514 2764 1777 2825 sorores,
2452 2764 2453 2841 ᾗ

309 2830 521 2892 Laetus
564 2828 888 2891 adulantem
921 2850 1074 2892 nuno
1116 2830 1232 2891 hoe
1274 2850 1425 2893 nune
1457 2833 1716 2909 margine
1757 2832 1831 2895 ab
1872 2832 1976 2893 illo
2452 2844 2453 2865 ἒ

316 2916 542 2977 Transit
579 2932 776 2992 avum,
825 2915 985 2975 levat
1027 2915 1176 2976 unda
1216 2916 1465 2994 gradus,
1506 2935 1612 2977 seu
1649 2917 1874 2978 defluus
1918 2917 2048 2994 ille,
2211 2926 2306 2980 325

313 3003 452 3063 Sive
495 2998 765 3078 obliquus
811 3008 936 3076 eat,
986 3018 1099 3061 nee
1140 3019 1312 3079 quum
1353 3001 1506 3063 subit
1546 3000 1787 3079 obvius,
1830 3002 1984 3062 ullas

312 3089 528 3163 Stagna
571 3083 791 3145 dedere
831 3102 1058 3161 moras,
1103 3086 1438 3166 pariterque
1477 3089 1789 3148 revertitur
1829 3086 2030 3147 amnis.

309 3170 445 3230 Non
486 3167 836 3230 Anthedonii
877 3171 1026 3247 tegit
1064 3169 1312 3249 hospitis
1358 3173 1588 3249 inguina
1634 3180 1847 3251 pontus

295 3254 616 3329 -Blandior,
662 3255 884 3314 aestivo
925 3272 1038 3313 nee
1081 3272 1150 3313 se
1189 3257 1376 3332 magis
1419 3273 1679 3336 aequore
1721 3256 1923 3317 Triton

309 3336 548 3413 Exerit,
592 3346 687 3396 aut
730 3343 902 3399 earne
942 3337 1186 3397 festinus
1232 3339 1304 3398 ad
1343 3341 1545 3401 oscula
1586 3342 1786 3401 matris
2204 3350 2302 3405 3³0

312 3419 496 3493 Quum
539 3430 761 3483 remeat
801 3422 1137 3502 tardumque
1181 3422 1320 3483 ferit
1364 3424 1638 3505 delphina
1680 3426 2010 3488 Palaemon.
