2517 3909
879 105 1294 156 Tmmos
1338 82 1481 156 nin.
1530 109 1661 159 ΧΠ.
1769 154 1777 161 ,
2155 96 2282 160 273
2324 73 2333 81 ’

250 260 508 320 Transiit
548 258 716 321 basta
757 260 936 329 duos;
982 261 1219 323 sitiebat
1261 262 1505 324 vulnera
1546 280 1661 324 nec
1699 279 1819 323 non
2166 268 2280 329 ⁷50

250 345 486 419 Tertia,
534 344 644 404 sed
685 343 881 406 medio
928 347 1126 425 cuspis
1168 355 1405 412 temone
1449 356 1677 408 retenta
1719 356 1828 408 est.

349 428 503 489 .Sed
548 428 739 489 solum
779 431 970 505 votis,
1014 430 1207 490 solum
1250 431 1511 491 clamore
1553 431 1859 492 fremendo

250 511 533 572 Omnibus
576 514 635 573 in
674 515 874 574 turmis
917 524 1204 593 optatque.
1244 525 1539 595 vocatque
1584 513 1860 576 Creonta.

246 597 449 676 Atque
491 598 645 659 hunc
688 597 923 659 diversa
965 599 1258 659 bellorum
1297 601 1357 659 in
1398 601 1595 660 fronte
1635 599 1925 679 maniplos

245 681 592 742 Hortantem
637 682 806 743 dictis
844 682 1180 764 frustraque
1223 693 1489 759 extrema
1528 685 1840 745 minantem
2169 694 2273 749 755

250 764 588 845 Conspicit;
633 766 962 828 abscedunt
1004 769 1252 828 comites
1274 777 1355 827 „et
1397 767 1631 829 Thesea
1674 770 1819 828 inssi
2278 784 2283 789 ·

245 849 644 929 Linquebant,
689 851 945 932 fretique
985 853 1113 913 deis
1153 862 1331 931 atque
1371 855 1557 932 ipsius
1603 854 1797 914 armis.

243 934 360 996 Ille
403 944 568 996 tenet
611 945 974 1014 revocatque
1018 953 1187 1005 suos;
1236 946 1414 1016 utque
1459 955 1649 1017 aequa
1692 938 1912 998 notavit

245 1019 397 1079 Hinc
440 1028 617 1097 atque
660 1019 797 1080 binc
838 1021 1005 1096 odia,
1052 1031 1315 1082 extrema
1359 1039 1426 1083 se
1472 1021 1701 1099 colligit
1744 1022 1850 1097 ira,

246 1102 386 1164 Iam=
412 1104 593 1164 letale
633 1104 836 1165 furens
877 1115 1053 1185 atque
1096 1105 1289 1166 audax
1327 1114 1517 1166 morte
1562 1105 1787 1166 futura:
2165 1115 2271 1170 760

379 1187 550 1248 ‘Non
595 1207 724 1250 cum
767 1189 1094 1268 peltiferis,
1137 1190 1248 1266 ait,
1296 1190 1448 1251 baec
1490 1188 1595 1251 tibi
1635 1207 1830 1269 pugna
1875 1190 2112 1269 puellis,

131 1338 136 1341 ,
246 1271 562 1349 virgineas
598 1292 709 1333 nec
746 1273 927 1334 crede
969 1292 1205 1342 manus;
1252 1274 1349 1336 bic
1392 1274 1573 1335 cruda
1616 1277 1871 1334 virorum

244 1356 517 1434 Proelia,
562 1376 673 1418 nos
715 1375 983 1436 magnum
1026 1359 1126 1437 qui
1167 1358 1372 1436 Tydea
1413 1359 1635 1439 quique
1674 1358 1963 1419 furentem

245 1440 719 1520 Hippomedonta
759 1443 893 1502 neci
936 1439 1331 1523 Capaneaque
1374 1444 1633 1503 misimus
1676 1443 1894 1503 umbris
1966 1452 1972 1457 '

241 1524 517 1586 Pectora.
608 1525 777 1601 Quae
825 1524 1046 1586 bellum
1087 1544 1385 1605 praeceps
1428 1528 1677 1588 amentia
1723 1530 1925 1601 suasit,
2163 1536 2268 1591 765

244 1607 554 1691 Inprobe?
602 1626 794 1670 nonne
837 1609 1037 1686 vides,
1082 1628 1236 1690 quos
1278 1610 1604 1687 ulciscare,
1651 1607 1999 1672 iacentes?'

381 1695 483 1755 Sic
523 1695 634 1771 ait,
680 1703 739 1754 et
781 1693 1000 1755 frustra
1042 1698 1363 1773 periturum
1402 1695 1626 1756 missile
1669 1712 1899 1755 summo

244 1777 456 1839 Affixit
491 1779 719 1857 clipeo;
762 1779 891 1839 risit
929 1796 1236 1859 vocesque
1276 1795 1622 1859 manumque

242 1863 531 1923 Horridus
572 1862 869 1941 Aegides,
921 1863 1261 1943 ferrataque
1305 1863 1522 1924 arbore
1564 1878 1811 1939 magnos

241 1946 483 2008 Molitur
524 1948 740 2027 iactus,
783 1966 895 2008 nec
937 1965 1055 2008 nou
1093 1950 1258 2026 prius
1300 1966 1409 2009 ore
1450 1946 1710 2027 superbo
2161 1958 2267 2014 770

246 2031 517 2093 Intonat:
563 2032 890 2110 ‘Argolici,
939 2033 1148 2113 quibus
1191 2033 1342 2092 haec
1384 2032 1552 2093 datur
1586 2030 1815 2105 hostia,
1860 2028 2085 2107 Manes,

241 2115 487 2177 Pandite
534 2125 846 2178 tartareum
891 2115 1072 2178 cbaos
1115 2117 1478 2195 ultricesque
1521 2125 1726 2194 parate

243 2199 636 2279 Eumenidas,
680 2202 842 2261 venit
885 2219 1032 2261 ecce
1075 2200 1324 2262 Creon?
1414 2201 1515 2261 Sic
1555 2199 1744 2276 fatus,
1794 2208 1854 2260 et
1895 2220 2068 2263 auras

235 2283 506 2363 Dissipat
544 2285 709 2346 basta
747 2294 1039 2355 tremens;
1082 2295 1221 2345 tunc
1261 2303 1379 2364 qua
1417 2283 1743 2345 subtemine
1786 2284 1931 2345 duro

238 2367 622 2445 multiplicem
664 2378 873 2430 tenues
914 2372 1128 2431 iterant
1167 2369 1410 2430 thoraca
1454 2378 1721 2446 catenae,
2166 2379 2270 2434 775

241 2452 479 2521 Incidit;
526 2455 762 2514 emicuit
803 2471 915 2533 per
957 2454 1118 2515 mille
1162 2454 1445 2514 foramina
1487 2454 1753 2536 sanguis‘

239 2536 472 2615 Inpins;
517 2537 620 2598 ille
663 2538 854 2599 oculis
895 2548 1162 2600 extremo
1207 2556 1414 2599 errore
1459 2537 1668 2597 solutis

238 2616 497 2681 Labitur.
587 2621 827 2685 Assistit
862 2622 1133 2685 Theseus
1171 2625 1371 2701 gravis
1417 2640 1692 2701 armaque
1736 2619 1984 2683 tollens:

242 2705 475 2765 ‘Iamne
518 2706 661 2767 dare
701 2709 976 2769 extinctis
1016 2709 1239 2784 iustos,
1292 2708 1404 2784 ait,
1451 2705 1719 2768 hostibus
1761 2706 1951 2784 ignes,

239 2788 362 2851 lam
403 2791 595 2850 victos
635 2792 877 2870 operire
919 2788 1160 2871 placet?
1204 2792 1356 2853 vade
1400 2800 1524 2852 atra
1568 2790 1772 2852 dature
2156 2801 2263 2860 780

240 2873 545 2953 Supplicia
592 2877 960 2956 extremique
1002 2885 1196 2938 tamen
1240 2894 1456 2936 secure
1501 2874 1810 2955 sepulcri)

238 2957 549 3018 Accedunt
594 2960 882 3037 utrimque
924 2962 1024 3040 pio
1065 2961 1289 3021 vexilla
1333 2960 1598 3036 tumultu,

236 3041 715 3121 Pel-miscentque
754 3061 955 3104 manus
992 3044 1185 3105 medio
1228 3047 1342 3105 iam
1384 3044 1628 3105 foedera
1674 3040 1837 3104 bello

235 3124 475 3204 Iamque
519 3125 742 3206 hospes
782 3125 1081 3198 Theseus;
1131 3137 1300 3191 orant
1344 3128 1673 3189 succedere
1721 3130 1899 3189 muris

223 3208 589 3289 Dignarique
632 3213 870 3280 domos;
912 3230 1027 3272 nec
1062 3221 1220 3274 tecta
1256 3212 1489 3277 hostilia
1529 3213 1689 3273 victo
2160 3219 2263 3277 785

235 3295 605 3372 Aspernatus
649 3298 779 3365 init:
825 3296 1083 3375 gaudent
1124 3307 1457 3376 matresque
1503 3312 1800 3390 nurusque

237 3376 543 3457 Ogygiae,
587 3381 775 3460 qualis
803 3381 1022 3457 thyrso
1066 3381 1328 3445 bellante
1366 3374 1641 3444 subactus
1869 3464 1906 3527 8

240 3510 249 3520 .
326 3480 599 3529 swa-rurs
643 3484 717 3529 11.
