2517 3909
819 173 1227 224 THEBAmos
1271 174 1413 223 mn.
1456 175 1580 223 ΧΠ.
2079 163 2198 226 261

198 328 703 411 Supplicibusque
744 329 859 411 piis
891 329 1101 392 faciles
1144 331 1403 410 aperiret
1438 329 1732 404 Athenas3

198 415 401 495 Atque
441 415 541 475 ubi
582 435 693 496 per
733 432 976 495 campos
1017 433 1222 476 errore
1258 416 1539 477 fatiscere
1576 433 1727 476 vano
2097 425 2202 481 295

197 500 531 561 Inmeritam
570 500 790 579 Argian
832 518 1049 580 supero
1096 502 1362 580 respexit
1398 500 1471 561 ab
1517 518 1651 576 axe,

193 584 457 646 Indoluit
495 586 658 662 visu,
706 594 765 646 et
808 582 1105 647 lunaribus
1150 585 1326 647 obvia
1368 584 1521 664 bigis

196 668 476 730 Advertit
520 687 748 730 currum
788 670 1135 751 placidaque
1176 672 1254 732 ita
1298 687 1450 731 voce
1494 669 1690 731 locuta
1735 677 1853 729 est:

199 752 337 815 ‘Da
376 752 510 814 mihi
554 756 822 833 poscenti
860 772 1063 816 munus
1103 756 1324 831 breve,
1372 754 1651 831 Cynthia,
1696 755 1746 814 si
1789 754 1920 833 quis

194 837 316 900 Est
354 837 587 898 Iunonis
619 837 843 913 honos,
883 848 1046 900 certe
1088 839 1244 901 Iovis
1290 840 1534 920 inproba
1572 840 1731 900 iussu
2095 848 2203 904 300

197 922 327 983 Ter
359 932 592 983 noctem
630 922 976 984 Herculeam
1018 957 1136 1000 —-,
1176 934 1416 986 veteres
1461 925 1568 986 sed
1608 926 1772 985 mitto
1817 925 2113 1004 querelas,

198 1006 299 1068 En
342 1007 507 1068 locus
548 1007 779 1076 officim
825 1008 1035 1070 cultrix
1075 1009 1466 1088 placidissima
1506 1010 1692 1070 nostri

194 1091 435 1153 Inachis
473 1091 654 1170 Argia
696 1094 887 1152 cernis
927 1111 1041 1172 qua
1082 1102 1256 1154 nocte
1292 1102 1561 1173 vagetur,
1636 1160 1639 1165 ,

194 1175 338 1238 Nec
379 1179 642 1257 reperire
680 1179 865 1238 virum
909 1177 1105 1239 densis
1149 1187 1325 1257 queat
1373 1196 1551 1257 aegra
1591 1177 1894 1239 tenebris?

196 1259 283 1322 Et
319 1261 425 1323 tibi
465 1261 783 1322 nimbosum
818 1262 1052 1341 languet
1081 1262 1272 1331 iubar;
1317 1281 1497 1324 exere
1542 1280 1763 1344 quaeso
2094 1276 2199 1329 305

201 1343 467 1423 Cornua,
509 1355 570 1408 et
605 1356 842 1407 assueto
885 1350 1127 1426 propior
1174 1357 1398 1427 premat
1440 1347 1628 1410 orbita
1672 1358 1883 1410 terras.

194 1430 373 1492 Hunc
415 1447 678 1512 qnoque,
723 1435 819 1511 qui
858 1450 1029 1492 curru
1069 1433 1325 1493 madidas
1367 1432 1470 1493 tibi
1510 1450 1727 1512 pronus
1769 1433 2029 1494 habenas

196 1516 410 1592 Ducit,
454 1518 511 1593 in
556 1515 780 1578 Aonios
821 1516 1032 1594 vigiles
1077 1516 1315 1578 demitte
1358 1517 1694 1597 Soporem.'

198 1601 324 1661 Vix
364 1619 466 1678 ea,
507 1619 679 1681 quum
721 1601 924 1661 scissis
966 1619 1231 1679 magnum
1274 1600 1387 1662 dea
1428 1601 1676 1662 nubibus
1720 1602 1924 1665 orbem

198 1685 481 1755 Protulit;
528 1704 824 1765 expavere
862 1684 1132 1762 umbrae,
1174 1685 1489 1764 fulgorque
1527 1687 1753 1747 recisus
2096 1697 2202 1751 310

200 1769 542 1847 Sideribus,
584 1772 685 1831 vix
723 1773 853 1850 ipsa
895 1771 1026 1832 tulit
1063 1771 1327 1831 Saturnia
1369 1769 1643 1832 flammas.
1876 1764 1885 1775 “

201 1855 450 1917 Primum
486 1873 596 1934 per
639 1873 875 1935 campos
923 1855 1112 1916 infuso
1157 1855 1370 1916 lumine
1413 1854 1626 1934 pallam

206 1938 488 2017 Coniugis
526 1940 653 2019 ipsa
693 1957 833 2001 suos
877 1941 1067 2001 noscit
1109 1939 1433 2001 miseranda
1473 1938 1731 2014 labores,

203 2023 565 2103 Quamquam
607 2034 766 2086 texta
808 2026 1022 2101 latent,
1066 2025 1401 2104 suffusaque
1443 2026 1723 2103 sanguine
1762 2034 1990 2086 moeret

204 2108 497 2188 Purpura3
542 2108 789 2190 dumque
831 2110 978 2172 deos
1015 2118 1189 2171 vocat
1232 2119 1293 2170 et
1335 2110 1409 2170 de
1450 2109 1656 2169 funere
1700 2127 1839 2169 caro
2093 2113 2201 2176 315

199 2192 337 2254 Hoc
380 2212 697 2273 superesse
740 2203 931 2274 putat,
972 2195 1135 2256 videt
1170 2196 1360 2274 ipsum
1399 2194 1456 2253 in
1497 2194 1742 2273 pulvere
1782 2211 1973 2273 paene

207 2276 539 2347 Calcatum
583 2280 792 2357 fugere
837 2281 1056 2340 animus
1096 2281 1376 2358 visusque
1420 2295 1738 2358 sonusque,

201 2363 563 2443 Inclusitque
604 2363 775 2425 dolor
814 2364 1113 2431 lacrimas;
1156 2373 1295 2424 tunc
1332 2379 1584 2443 corpore
1627 2371 1752 2423 toto

205 2449 496 2509 Sternitur
537 2451 595 2508 in
634 2448 825 2509 vultus
868 2450 1225 2528 animamque
1262 2466 1373 2528 per
1416 2447 1616 2509 oscula
1658 2450 1885 2527 quaerit

206 2531 562 2610 Absentem,
599 2551 981 2613 pressumque
1026 2535 1206 2594 comis
1247 2551 1321 2594 ac
1360 2541 1527 2593 veste
1572 2549 1840 2594 cruorem
2096 2547 2202 2601 320

207 2618 525 2679 Servatum
569 2618 732 2696 legit.
806 2617 945 2678 Mox
989 2618 1219 2680 tandem
1256 2635 1413 2678 voce
1453 2635 1727 2678 reversa:

209 2700 412 2763 ‘Hunc
453 2719 567 2781 ego
611 2711 702 2778 te,
743 2704 987 2779 coniux,
1030 2703 1103 2764 ad
1145 2702 1338 2764 debita
1381 2720 1562 2780 regna
1610 2702 1934 2781 profectum

205 2787 526 2849 Ductorem
567 2787 709 2851 belli
750 2805 1147 2866 generumque
1189 2788 1445 2867 potentis
1480 2786 1715 2848 Adrasti

208 2869 525 2952 Adspicio,
564 2872 813 2950 talisque
853 2873 965 2933 tuis
1008 2889 1256 2933 occurro
1299 2868 1645 2950 triumphis?

203 2956 336 3018 Huc
371 2955 576 3018 attolle
621 2974 803 3034 genas
844 2957 1193 3036 defectaque
1236 2956 1472 3017 lumina:
1512 2956 1672 3016 venit
2095 2967 2201 3022 325

207 3040 304 3102 Ad
342 3039 577 3103 Thebas
613 3041 796 3119 Argia
839 3050 987 3104 tuas.
1061 3041 1228 3119 Age,
1271 3038 1576 3099 moenibus
1618 3040 1788 3101 induc

211 3124 289 3186 Et
321 3128 542 3205 patrios
577 3127 823 3187 ostende
866 3125 1019 3192 lares
1065 3134 1127 3185 et
1165 3133 1357 3185 mutua
1392 3123 1574 3186 redde

210 3208 492 3291 Hospitia.
577 3209 705 3271 Heu
750 3210 884 3289 quid
926 3207 1083 3288 ago?
1126 3210 1424 3290 proiectus
1461 3209 1688 3288 cespite
1725 3210 1879 3269 nudo

209 3293 337 3356 Hoc
376 3297 598 3375 patriae
641 3295 868 3356 telluris
907 3291 1131 3356 habes?
1175 3312 1325 3373 quae
1366 3291 1585 3373 iurgia?
1627 3302 1788 3354 certe

207 3377 517 3459 Imperium
559 3398 675 3440 non
713 3379 893 3441 frater
934 3378 1137 3441 habet!
1179 3378 1444 3440 nullasne
1485 3388 1711 3439 tuorum
2097 3388 2204 3444 330

210 3463 443 3526 Movisti
477 3461 783 3526 lacrimas?
824 3463 922 3526 ubi
963 3472 1180 3541 mater,
1214 3463 1315 3524 ubi
1357 3464 1551 3525 inclita
1590 3462 1743 3523 fama
