<?xml version="1.0" encoding="UTF-8"?>
<!DOCTYPE html PUBLIC "-//W3C//DTD XHTML 1.0 Transitional//EN"
    "http://www.w3.org/TR/xhtml1/DTD/xhtml1-transitional.dtd">
<html xmlns="http://www.w3.org/1999/xhtml" xml:lang="en" lang="en">
 <head>
  <title>
</title>
<meta http-equiv="Content-Type" content="text/html;charset=utf-8" />
  <meta name='ocr-system' content='tesseract 3.04.00' />
  <meta name='ocr-capabilities' content='ocr_page ocr_carea ocr_par ocr_line ocrx_word'/>
</head>
<body>
  <div class='ocr_page' id='page_1' title='image "./ppapiniusstatiu00placgoog_0397.png"; bbox 0 0 2517 3909; ppageno 0'>
   <div class='ocr_carea' id='block_1_1' title="bbox 855 120 2229 185">
    <p class='ocr_par' dir='ltr' id='par_1_1' title="bbox 855 120 2229 185">
     <span class='ocr_line' id='line_1_1' title="bbox 855 120 2229 185; baseline -0.001 -2"><span class='ocrx_word' id='word_1_1' title='bbox 855 120 1256 184; x_wconf 67' lang='lat' dir='ltr'><strong>manemus</strong></span> <span class='ocrx_word' id='word_1_2' title='bbox 1296 133 1438 184; x_wconf 75' lang='lat' dir='ltr'><strong>ms.</strong></span> <span class='ocrx_word' id='word_1_3' title='bbox 1483 134 1551 185; x_wconf 82' lang='lat' dir='ltr'><strong>v.</strong></span> <span class='ocrx_word' id='word_1_4' title='bbox 2111 120 2229 182; x_wconf 82' lang='lat'><strong>105</strong></span> 
     </span>
    </p>
   </div>
   <div class='ocr_carea' id='block_1_2' title="bbox 225 288 2244 3506">
    <p class='ocr_par' dir='ltr' id='par_1_2' title="bbox 225 288 2244 3506">
     <span class='ocr_line' id='line_1_2' title="bbox 230 288 1858 370; baseline 0.002 -18"><span class='ocrx_word' id='word_1_5' title='bbox 230 290 360 352; x_wconf 85' lang='lat' dir='ltr'><strong>Lux</strong></span> <span class='ocrx_word' id='word_1_6' title='bbox 402 289 610 351; x_wconf 88' lang='lat' dir='ltr'><strong>oculos</strong></span> <span class='ocrx_word' id='word_1_7' title='bbox 651 290 1010 370; x_wconf 14' lang='lat' dir='ltr'><strong>*longe-que</strong></span> <span class='ocrx_word' id='word_1_8' title='bbox 1047 288 1192 370; x_wconf 76' lang='lat' dir='ltr'><strong>polo</strong></span> <span class='ocrx_word' id='word_1_9' title='bbox 1236 300 1558 352; x_wconf 83' lang='lat' dir='ltr'><strong>contexere</strong></span> <span class='ocrx_word' id='word_1_10' title='bbox 1596 289 1722 356; x_wconf 79' lang='lat' dir='ltr'><strong>visa</strong></span> <span class='ocrx_word' id='word_1_11' title='bbox 1765 298 1858 356; x_wconf 71' lang='lat' dir='ltr'><strong>est</strong></span> 
     </span>
     <span class='ocr_line' id='line_1_3' title="bbox 230 375 2231 523; baseline 0.001 -3"><span class='ocrx_word' id='word_1_12' title='bbox 230 376 585 521; x_wconf 50' lang='lat' dir='ltr'><strong>”²¹¹3AE</strong></span> <span class='ocrx_word' id='word_1_13' title='bbox 609 376 1024 521; x_wconf 48' lang='lat' dir='ltr'><strong>⁵⁸15?ss*ssss</strong></span> <span class='ocrx_word' id='word_1_14' title='bbox 1026 375 1322 522; x_wconf 51' lang='lat' dir='ltr'><strong>⁸⁸33ssss</strong></span> <span class='ocrx_word' id='word_1_15' title='bbox 1358 377 1697 523; x_wconf 57' lang='lat' dir='ltr'><strong>fflffi?</strong></span> <span class='ocrx_word' id='word_1_16' title='bbox 1701 375 1979 523; x_wconf 58' lang='lat' dir='ltr'><strong>“fflm.</strong></span> <span class='ocrx_word' id='word_1_17' title='bbox 2123 384 2231 441; x_wconf 64' lang='lat'><strong>⁴⁸³</strong></span> 
     </span>
     <span class='ocr_line' id='line_1_4' title="bbox 228 478 1720 623; baseline -0.001 -17"><span class='ocrx_word' id='word_1_18' title='bbox 228 544 515 606; x_wconf 86' lang='lat' dir='ltr'><strong>Fraterna</strong></span> <span class='ocrx_word' id='word_1_19' title='bbox 558 478 1045 623; x_wconf 68' lang='lat' dir='ltr'><strong>regnarepchto,’</strong></span> <span class='ocrx_word' id='word_1_20' title='bbox 1072 544 1210 606; x_wconf 88' lang='lat' dir='ltr'><strong>mihi</strong></span> <span class='ocrx_word' id='word_1_21' title='bbox 1247 546 1484 606; x_wconf 84' lang='lat' dir='ltr'><strong>crimina</strong></span> <span class='ocrx_word' id='word_1_22' title='bbox 1526 543 1720 621; x_wconf 86' lang='lat' dir='ltr'><strong>nulla,</strong></span> 
     </span>
     <span class='ocr_line' id='line_1_5' title="bbox 229 628 1786 710; baseline -0.001 -19"><span class='ocrx_word' id='word_1_23' title='bbox 229 628 312 691; x_wconf 90' lang='lat' dir='ltr'><strong>Et</strong></span> <span class='ocrx_word' id='word_1_24' title='bbox 356 645 576 689; x_wconf 83' lang='lat' dir='ltr'><strong>vacuos</strong></span> <span class='ocrx_word' id='word_1_25' title='bbox 619 629 839 692; x_wconf 79' lang='lat' dir='ltr'><strong>arsisse</strong></span> <span class='ocrx_word' id='word_1_26' title='bbox 880 646 1093 706; x_wconf 80' lang='lat' dir='ltr'><strong>rogos;</strong></span> <span class='ocrx_word' id='word_1_27' title='bbox 1138 629 1332 691; x_wconf 64' lang='lat' dir='ltr'><strong>imit</strong></span> <span class='ocrx_word' id='word_1_28' title='bbox 1371 630 1527 710; x_wconf 86' lang='lat' dir='ltr'><strong>inpia</strong></span> <span class='ocrx_word' id='word_1_29' title='bbox 1571 628 1786 709; x_wconf 81' lang='lat' dir='ltr'><strong>plebes</strong></span> 
     </span>
     <span class='ocr_line' id='line_1_6' title="bbox 230 713 1934 795; baseline -0.002 -20"><span class='ocrx_word' id='word_1_30' title='bbox 230 713 510 775; x_wconf 83' lang='lat' dir='ltr'><strong>Sentibus</strong></span> <span class='ocrx_word' id='word_1_31' title='bbox 554 731 848 776; x_wconf 80' lang='lat' dir='ltr'><strong>accensae</strong></span> <span class='ocrx_word' id='word_1_32' title='bbox 892 713 1168 792; x_wconf 84' lang='lat' dir='ltr'><strong>stimulis,</strong></span> <span class='ocrx_word' id='word_1_33' title='bbox 1210 714 1555 795; x_wconf 76' lang='lat' dir='ltr'><strong>facinusque</strong></span> <span class='ocrx_word' id='word_1_34' title='bbox 1595 723 1934 793; x_wconf 76' lang='lat' dir='ltr'><strong>reposcunt.</strong></span> 
     </span>
     <span class='ocr_line' id='line_1_7' title="bbox 230 798 2231 877; baseline 0.003 -20"><span class='ocrx_word' id='word_1_35' title='bbox 230 798 387 873; x_wconf 84' lang='lat' dir='ltr'><strong>Quin</strong></span> <span class='ocrx_word' id='word_1_36' title='bbox 425 798 602 860; x_wconf 82' lang='lat' dir='ltr'><strong>etiam</strong></span> <span class='ocrx_word' id='word_1_37' title='bbox 639 799 916 862; x_wconf 85' lang='lat' dir='ltr'><strong>occultae</strong></span> <span class='ocrx_word' id='word_1_38' title='bbox 956 798 1138 877; x_wconf 79' lang='lat' dir='ltr'><strong>vulgo</strong></span> <span class='ocrx_word' id='word_1_39' title='bbox 1174 799 1622 861; x_wconf 73' lang='lat' dir='ltr'><strong>increbrescere</strong></span> <span class='ocrx_word' id='word_1_40' title='bbox 1667 815 1880 864; x_wconf 79' lang='lat' dir='ltr'><strong>voces:</strong></span> <span class='ocrx_word' id='word_1_41' title='bbox 1981 835 1986 842; x_wconf 94' lang='lat'><strong>·</strong></span> <span class='ocrx_word' id='word_1_42' title='bbox 2124 808 2231 864; x_wconf 81' lang='lat'><strong>490</strong></span> 
     </span>
     <span class='ocr_line' id='line_1_8' title="bbox 231 880 1816 959; baseline 0 -16"><span class='ocrx_word' id='word_1_43' title='bbox 231 881 451 944; x_wconf 86' lang='lat' dir='ltr'><strong>Solane</strong></span> <span class='ocrx_word' id='word_1_44' title='bbox 495 882 611 944; x_wconf 81' lang='lat' dir='ltr'><strong>fida</strong></span> <span class='ocrx_word' id='word_1_45' title='bbox 652 885 804 959; x_wconf 88' lang='lat' dir='ltr'><strong>suis,</strong></span> <span class='ocrx_word' id='word_1_46' title='bbox 848 900 960 945; x_wconf 86' lang='lat' dir='ltr'><strong>nos</strong></span> <span class='ocrx_word' id='word_1_47' title='bbox 999 893 1189 945; x_wconf 84' lang='lat' dir='ltr'><strong>autem</strong></span> <span class='ocrx_word' id='word_1_48' title='bbox 1230 885 1288 944; x_wconf 88' lang='lat' dir='ltr'><strong>in</strong></span> <span class='ocrx_word' id='word_1_49' title='bbox 1331 883 1538 946; x_wconf 79' lang='lat' dir='ltr'><strong>funera</strong></span> <span class='ocrx_word' id='word_1_50' title='bbox 1581 880 1816 945; x_wconf 76' lang='lat' dir='ltr'><strong>laetae?</strong></span> 
     </span>
     <span class='ocr_line' id='line_1_9' title="bbox 226 966 2107 1050; baseline -0.002 -21"><span class='ocrx_word' id='word_1_51' title='bbox 226 966 364 1029; x_wconf 84' lang='lat' dir='ltr'><strong>Non</strong></span> <span class='ocrx_word' id='word_1_52' title='bbox 400 966 547 1030; x_wconf 88' lang='lat' dir='ltr'><strong>deus</strong></span> <span class='ocrx_word' id='word_1_53' title='bbox 583 967 733 1032; x_wconf 76' lang='lat' dir='ltr'><strong>haec</strong></span> <span class='ocrx_word' id='word_1_54' title='bbox 774 968 1101 1049; x_wconf 74' lang='lat' dir='ltr'><strong>fatumque,</strong></span> <span class='ocrx_word' id='word_1_55' title='bbox 1146 968 1304 1050; x_wconf 80' lang='lat' dir='ltr'><strong>quod</strong></span> <span class='ocrx_word' id='word_1_56' title='bbox 1347 970 1597 1049; x_wconf 83' lang='lat' dir='ltr'><strong>imperat</strong></span> <span class='ocrx_word' id='word_1_57' title='bbox 1636 967 1785 1030; x_wconf 87' lang='lat' dir='ltr'><strong>urbe</strong></span> <span class='ocrx_word' id='word_1_58' title='bbox 1819 967 2107 1030; x_wconf 71' lang='lat' dir='ltr'><strong>nefanda..</strong></span> 
     </span>
     <span class='ocr_line' id='line_1_10' title="bbox 360 1051 2001 1133; baseline -0.001 -20"><span class='ocrx_word' id='word_1_59' title='bbox 360 1051 634 1114; x_wconf 70' lang='lat' dir='ltr'><strong>&lt;Talibus</strong></span> <span class='ocrx_word' id='word_1_60' title='bbox 678 1054 958 1118; x_wconf 73' lang='lat' dir='ltr'><strong>exanimis</strong></span> <span class='ocrx_word' id='word_1_61' title='bbox 1003 1051 1172 1114; x_wconf 85' lang='lat' dir='ltr'><strong>dictis</strong></span> <span class='ocrx_word' id='word_1_62' title='bbox 1212 1071 1296 1102; x_wconf 74' lang='grc'><strong>-·</strong></span> <span class='ocrx_word' id='word_1_63' title='bbox 1338 1064 1398 1116; x_wconf 88' lang='lat' dir='ltr'><strong>et</strong></span> <span class='ocrx_word' id='word_1_64' title='bbox 1439 1055 1607 1116; x_wconf 85' lang='lat' dir='ltr'><strong>triste</strong></span> <span class='ocrx_word' id='word_1_65' title='bbox 1649 1053 2001 1133; x_wconf 68' lang='lat' dir='ltr'><strong>propinquat</strong></span> 
     </span>
     <span class='ocr_line' id='line_1_11' title="bbox 232 1135 1974 1219; baseline 0.001 -22"><span class='ocrx_word' id='word_1_66' title='bbox 232 1137 628 1217; x_wconf 78' lang='lat' dir='ltr'>Supplicium,</span> <span class='ocrx_word' id='word_1_67' title='bbox 675 1156 786 1199; x_wconf 89' lang='lat' dir='ltr'><strong>uec</strong></span> <span class='ocrx_word' id='word_1_68' title='bbox 826 1156 1012 1217; x_wconf 87' lang='lat' dir='ltr'><strong>regua</strong></span> <span class='ocrx_word' id='word_1_69' title='bbox 1053 1140 1249 1199; x_wconf 83' lang='lat' dir='ltr'><strong>iuvant</strong></span> <span class='ocrx_word' id='word_1_70' title='bbox 1286 1170 1372 1183; x_wconf 83' lang='lat'>—-—-</span> <span class='ocrx_word' id='word_1_71' title='bbox 1409 1135 1574 1219; x_wconf 76' lang='lat' dir='ltr'><strong>vaga</strong></span> <span class='ocrx_word' id='word_1_72' title='bbox 1604 1138 1777 1200; x_wconf 88' lang='lat' dir='ltr'><strong>litora</strong></span> <span class='ocrx_word' id='word_1_73' title='bbox 1820 1139 1974 1202; x_wconf 71' lang='lat' dir='ltr'><strong>furto</strong></span> 
     </span>
     <span class='ocr_line' id='line_1_12' title="bbox 229 1220 2231 1304; baseline 0.004 -22"><span class='ocrx_word' id='word_1_74' title='bbox 229 1220 571 1284; x_wconf 87' lang='lat' dir='ltr'><strong>Incomitata</strong></span> <span class='ocrx_word' id='word_1_75' title='bbox 610 1240 833 1303; x_wconf 88' lang='lat' dir='ltr'><strong>sequor</strong></span> <span class='ocrx_word' id='word_1_76' title='bbox 873 1223 1223 1303; x_wconf 76' lang='lat' dir='ltr'><strong>funestaque</strong></span> <span class='ocrx_word' id='word_1_77' title='bbox 1265 1225 1501 1286; x_wconf 87' lang='lat' dir='ltr'><strong>moenia·</strong></span> <span class='ocrx_word' id='word_1_78' title='bbox 1535 1225 1770 1304; x_wconf 89' lang='lat' dir='ltr'><strong>linquo,</strong></span> <span class='ocrx_word' id='word_1_79' title='bbox 2022 1259 2026 1266; x_wconf 92' lang='lat'><em>-</em></span> <span class='ocrx_word' id='word_1_80' title='bbox 2126 1234 2231 1291; x_wconf 78' lang='lat'><strong>495</strong></span> 
     </span>
     <span class='ocr_line' id='line_1_13' title="bbox 231 1305 2023 1388; baseline 0.001 -21"><span class='ocrx_word' id='word_1_81' title='bbox 231 1305 363 1380; x_wconf 82' lang='lat' dir='ltr'><strong>Qua</strong></span> <span class='ocrx_word' id='word_1_82' title='bbox 405 1306 543 1385; x_wconf 79' lang='lat' dir='ltr'><strong>fuga</strong></span> <span class='ocrx_word' id='word_1_83' title='bbox 585 1316 721 1369; x_wconf 85' lang='lat' dir='ltr'><strong>uota</strong></span> <span class='ocrx_word' id='word_1_84' title='bbox 766 1308 974 1387; x_wconf 78' lang='lat' dir='ltr'><strong>patris3</strong></span> <span class='ocrx_word' id='word_1_85' title='bbox 1017 1308 1125 1370; x_wconf 88' lang='lat' dir='ltr'><strong>sed</strong></span> <span class='ocrx_word' id='word_1_86' title='bbox 1168 1325 1287 1372; x_wconf 78' lang='lat' dir='ltr'><strong>non</strong></span> <span class='ocrx_word' id='word_1_87' title='bbox 1326 1308 1534 1370; x_wconf 89' lang='lat' dir='ltr'><strong>iterum</strong></span> <span class='ocrx_word' id='word_1_88' title='bbox 1578 1308 1785 1371; x_wconf 71' lang='lat' dir='ltr'><strong>obvius</strong></span> <span class='ocrx_word' id='word_1_89' title='bbox 1828 1307 2023 1388; x_wconf 83' lang='lat' dir='ltr'><strong>Evan,</strong></span> 
     </span>
     <span class='ocr_line' id='line_1_14' title="bbox 228 1389 1942 1473; baseline 0.002 -19"><span class='ocrx_word' id='word_1_90' title='bbox 228 1389 379 1454; x_wconf 87' lang='lat' dir='ltr'><strong>Nam</strong></span> <span class='ocrx_word' id='word_1_91' title='bbox 422 1410 514 1453; x_wconf 91' lang='lat' dir='ltr'><strong>me</strong></span> <span class='ocrx_word' id='word_1_92' title='bbox 559 1391 917 1473; x_wconf 76' lang='lat' dir='ltr'><strong>praedonum</strong></span> <span class='ocrx_word' id='word_1_93' title='bbox 953 1410 1154 1456; x_wconf 83' lang='lat' dir='ltr'><strong>manus</strong></span> <span class='ocrx_word' id='word_1_94' title='bbox 1194 1391 1310 1454; x_wconf 86' lang='lat' dir='ltr'><strong>huc</strong></span> <span class='ocrx_word' id='word_1_95' title='bbox 1355 1393 1603 1473; x_wconf 87' lang='lat' dir='ltr'><strong>appulsa</strong></span> <span class='ocrx_word' id='word_1_96' title='bbox 1648 1403 1942 1458; x_wconf 71' lang='lat' dir='ltr'><strong>tacentem</strong></span> 
     </span>
     <span class='ocr_line' id='line_1_15' title="bbox 229 1475 1872 1555; baseline 0.002 -19"><span class='ocrx_word' id='word_1_97' title='bbox 229 1475 489 1555; x_wconf 81' lang='lat' dir='ltr'><strong>Arripit,</strong></span> <span class='ocrx_word' id='word_1_98' title='bbox 536 1487 594 1538; x_wconf 85' lang='lat' dir='ltr'><strong>et</strong></span> <span class='ocrx_word' id='word_1_99' title='bbox 636 1487 867 1540; x_wconf 80' lang='lat' dir='ltr'><strong>vestras</strong></span> <span class='ocrx_word' id='word_1_100' title='bbox 902 1476 1174 1540; x_wconf 75' lang='lat' dir='ltr'><strong>famulam</strong></span> <span class='ocrx_word' id='word_1_101' title='bbox 1215 1480 1545 1540; x_wconf 75' lang='lat' dir='ltr'><strong>transmittit</strong></span> <span class='ocrx_word' id='word_1_102' title='bbox 1582 1480 1641 1539; x_wconf 93' lang='lat' dir='ltr'><strong>in</strong></span> <span class='ocrx_word' id='word_1_103' title='bbox 1688 1483 1872 1541; x_wconf 63' lang='lat' dir='ltr'><strong>oras?</strong></span> 
     </span>
     <span class='ocr_line' id='line_1_16' title="bbox 362 1560 1701 1641; baseline 0.001 -19"><span class='ocrx_word' id='word_1_104' title='bbox 362 1560 525 1624; x_wconf 88' lang='lat' dir='ltr'><strong>Talia</strong></span> <span class='ocrx_word' id='word_1_105' title='bbox 565 1561 843 1624; x_wconf 79' lang='lat' dir='ltr'><strong>Lernaeis</strong></span> <span class='ocrx_word' id='word_1_106' title='bbox 886 1565 1058 1624; x_wconf 76' lang='lat' dir='ltr'><strong>iterat</strong></span> <span class='ocrx_word' id='word_1_107' title='bbox 1101 1562 1236 1623; x_wconf 83' lang='lat' dir='ltr'><strong>dum</strong></span> <span class='ocrx_word' id='word_1_108' title='bbox 1277 1562 1518 1641; x_wconf 83' lang='lat' dir='ltr'><strong>regibus</strong></span> <span class='ocrx_word' id='word_1_109' title='bbox 1563 1563 1701 1624; x_wconf 82' lang='lat' dir='ltr'><strong>exul</strong></span> 
     </span>
     <span class='ocr_line' id='line_1_17' title="bbox 229 1644 2239 1726; baseline 0.004 -21"><span class='ocrx_word' id='word_1_110' title='bbox 229 1644 497 1707; x_wconf 88' lang='lat' dir='ltr'><strong>Lemnias</strong></span> <span class='ocrx_word' id='word_1_111' title='bbox 541 1656 599 1707; x_wconf 88' lang='lat' dir='ltr'><strong>et</strong></span> <span class='ocrx_word' id='word_1_112' title='bbox 642 1649 822 1725; x_wconf 88' lang='lat' dir='ltr'><strong>longa</strong></span> <span class='ocrx_word' id='word_1_113' title='bbox 864 1647 1088 1709; x_wconf 71' lang='lat' dir='ltr'><strong>solatur</strong></span> <span class='ocrx_word' id='word_1_114' title='bbox 1130 1647 1338 1708; x_wconf 87' lang='lat' dir='ltr'><strong>damna</strong></span> <span class='ocrx_word' id='word_1_115' title='bbox 1381 1648 1657 1726; x_wconf 85' lang='lat' dir='ltr'><strong>querela,</strong></span> <span class='ocrx_word' id='word_1_116' title='bbox 2129 1660 2239 1713; x_wconf 60' lang='lat'><strong>5001</strong></span> 
     </span>
     <span class='ocr_line' id='line_1_18' title="bbox 229 1729 1805 1808; baseline 0.001 -17"><span class='ocrx_word' id='word_1_117' title='bbox 229 1729 522 1791; x_wconf 85' lang='lat' dir='ltr'><strong>Inmemor</strong></span> <span class='ocrx_word' id='word_1_118' title='bbox 564 1731 824 1794; x_wconf 88' lang='lat' dir='ltr'><strong>absentis</strong></span> <span class='ocrx_word' id='word_1_119' title='bbox 867 1767 952 1777; x_wconf 85' lang='lat'><strong>——</strong></span> <span class='ocrx_word' id='word_1_120' title='bbox 995 1732 1083 1794; x_wconf 86' lang='lat' dir='ltr'><strong>sic</strong></span> <span class='ocrx_word' id='word_1_121' title='bbox 1126 1730 1186 1792; x_wconf 88' lang='lat' dir='ltr'><strong>di</strong></span> <span class='ocrx_word' id='word_1_122' title='bbox 1222 1730 1513 1792; x_wconf 73' lang='lat' dir='ltr'><strong>suasistis!</strong></span> <span class='ocrx_word' id='word_1_123' title='bbox 1558 1731 1805 1808; x_wconf 83' lang='lat' dir='ltr'><strong>alumni,</strong></span> 
     </span>
     <span class='ocr_line' id='line_1_19' title="bbox 229 1813 1793 1895; baseline 0.003 -21"><span class='ocrx_word' id='word_1_124' title='bbox 229 1813 344 1878; x_wconf 90' lang='lat' dir='ltr'><strong>Ille</strong></span> <span class='ocrx_word' id='word_1_125' title='bbox 387 1833 601 1893; x_wconf 87' lang='lat' dir='ltr'><strong>graves</strong></span> <span class='ocrx_word' id='word_1_126' title='bbox 647 1816 855 1878; x_wconf 78' lang='lat' dir='ltr'><strong>oculos</strong></span> <span class='ocrx_word' id='word_1_127' title='bbox 898 1815 1349 1895; x_wconf 75' lang='lat' dir='ltr'><strong>languentiaque</strong></span> <span class='ocrx_word' id='word_1_128' title='bbox 1395 1832 1500 1875; x_wconf 83' lang='lat' dir='ltr'><strong>ora</strong></span> <span class='ocrx_word' id='word_1_129' title='bbox 1543 1818 1793 1878; x_wconf 78' lang='lat' dir='ltr'><strong>comanti</strong></span> 
     </span>
     <span class='ocr_line' id='line_1_20' title="bbox 232 1897 1740 1981; baseline 0 -22"><span class='ocrx_word' id='word_1_130' title='bbox 232 1897 447 1978; x_wconf 73' lang='lat' dir='ltr'><strong>mergit</strong></span> <span class='ocrx_word' id='word_1_131' title='bbox 480 1900 690 1979; x_wconf 89' lang='lat' dir='ltr'><strong>humo,</strong></span> <span class='ocrx_word' id='word_1_132' title='bbox 736 1901 1049 1981; x_wconf 82' lang='lat' dir='ltr'><strong>fessusque</strong></span> <span class='ocrx_word' id='word_1_133' title='bbox 1087 1900 1185 1964; x_wconf 83' lang='lat' dir='ltr'><strong>dia</strong></span> <span class='ocrx_word' id='word_1_134' title='bbox 1228 1898 1551 1981; x_wconf 82' lang='lat' dir='ltr'><strong>puerilibus</strong></span> <span class='ocrx_word' id='word_1_135' title='bbox 1593 1901 1740 1964; x_wconf 86' lang='lat' dir='ltr'><strong>actis</strong></span> 
     </span>
     <span class='ocr_line' id='line_1_21' title="bbox 229 1982 1978 2066; baseline 0 -22"><span class='ocrx_word' id='word_1_136' title='bbox 229 1982 470 2045; x_wconf 87' lang='lat' dir='ltr'><strong>Labitur</strong></span> <span class='ocrx_word' id='word_1_137' title='bbox 512 1987 570 2045; x_wconf 88' lang='lat' dir='ltr'><strong>in</strong></span> <span class='ocrx_word' id='word_1_138' title='bbox 612 2003 880 2063; x_wconf 87' lang='lat' dir='ltr'><strong>somnos,</strong></span> <span class='ocrx_word' id='word_1_139' title='bbox 928 2004 1145 2066; x_wconf 83' lang='lat' dir='ltr'><strong>prensa</strong></span> <span class='ocrx_word' id='word_1_140' title='bbox 1185 2003 1387 2048; x_wconf 79' lang='lat' dir='ltr'><strong>manus</strong></span> <span class='ocrx_word' id='word_1_141' title='bbox 1421 1984 1629 2050; x_wconf 80' lang='lat' dir='ltr'><strong>haeret</strong></span> <span class='ocrx_word' id='word_1_142' title='bbox 1673 1986 1731 2048; x_wconf 92' lang='lat' dir='ltr'><strong>iu</strong></span> <span class='ocrx_word' id='word_1_143' title='bbox 1773 1983 1978 2046; x_wconf 87' lang='lat' dir='ltr'><strong>herba.</strong></span> 
     </span>
     <span class='ocr_line' id='line_1_22' title="bbox 362 2068 2236 2151; baseline 0 -22"><span class='ocrx_word' id='word_1_144' title='bbox 362 2068 595 2132; x_wconf 88' lang='lat' dir='ltr'><strong>Interea</strong></span> <span class='ocrx_word' id='word_1_145' title='bbox 639 2072 891 2151; x_wconf 88' lang='lat' dir='ltr'><strong>campis,</strong></span> <span class='ocrx_word' id='word_1_146' title='bbox 940 2071 1198 2132; x_wconf 71' lang='lat' dir='ltr'><strong>nemoris</strong></span> <span class='ocrx_word' id='word_1_147' title='bbox 1240 2087 1414 2134; x_wconf 77' lang='lat' dir='ltr'><strong>sacer</strong></span> <span class='ocrx_word' id='word_1_148' title='bbox 1457 2068 1671 2131; x_wconf 89' lang='lat' dir='ltr'><strong>horror</strong></span> <span class='ocrx_word' id='word_1_149' title='bbox 1711 2068 1962 2147; x_wconf 77' lang='lat' dir='ltr'><strong>Achaei,</strong></span> <span class='ocrx_word' id='word_1_150' title='bbox 2131 2081 2236 2136; x_wconf 78' lang='lat'><strong>505</strong></span> 
     </span>
     <span class='ocr_line' id='line_1_23' title="bbox 233 2153 1756 2235; baseline 0.003 -21"><span class='ocrx_word' id='word_1_151' title='bbox 233 2153 560 2231; x_wconf 86' lang='lat' dir='ltr'><strong>Terrigeua</strong></span> <span class='ocrx_word' id='word_1_152' title='bbox 605 2156 847 2234; x_wconf 83' lang='lat' dir='ltr'><strong>erigitur</strong></span> <span class='ocrx_word' id='word_1_153' title='bbox 887 2173 1171 2235; x_wconf 75' lang='lat' dir='ltr'><strong>serpens,</strong></span> <span class='ocrx_word' id='word_1_154' title='bbox 1211 2164 1518 2234; x_wconf 77' lang='lat' dir='ltr'><strong>tractuque</strong></span> <span class='ocrx_word' id='word_1_155' title='bbox 1560 2153 1756 2218; x_wconf 76' lang='lat' dir='ltr'><strong>soluto</strong></span> 
     </span>
     <span class='ocr_line' id='line_1_24' title="bbox 229 2236 1747 2320; baseline 0.001 -21"><span class='ocrx_word' id='word_1_156' title='bbox 229 2236 521 2299; x_wconf 73' lang='lat' dir='ltr'><strong>Iomanem</strong></span> <span class='ocrx_word' id='word_1_157' title='bbox 566 2258 704 2301; x_wconf 75' lang='lat' dir='ltr'><strong>sese</strong></span> <span class='ocrx_word' id='word_1_158' title='bbox 749 2239 910 2302; x_wconf 83' lang='lat' dir='ltr'><strong>vehit</strong></span> <span class='ocrx_word' id='word_1_159' title='bbox 953 2259 1023 2302; x_wconf 87' lang='lat' dir='ltr'><strong>ac</strong></span> <span class='ocrx_word' id='word_1_160' title='bbox 1065 2248 1202 2320; x_wconf 79' lang='lat' dir='ltr'><strong>post</strong></span> <span class='ocrx_word' id='word_1_161' title='bbox 1239 2249 1408 2317; x_wconf 84' lang='lat' dir='ltr'><strong>terga</strong></span> <span class='ocrx_word' id='word_1_162' title='bbox 1452 2238 1747 2319; x_wconf 83' lang='lat' dir='ltr'><strong>relinquit..</strong></span> 
     </span>
     <span class='ocr_line' id='line_1_25' title="bbox 227 2322 1727 2402; baseline 0.002 -19"><span class='ocrx_word' id='word_1_163' title='bbox 227 2322 429 2384; x_wconf 87' lang='lat' dir='ltr'><strong>Livida</strong></span> <span class='ocrx_word' id='word_1_164' title='bbox 471 2324 572 2385; x_wconf 80' lang='lat' dir='ltr'><strong>fax</strong></span> <span class='ocrx_word' id='word_1_165' title='bbox 616 2326 838 2402; x_wconf 88' lang='lat' dir='ltr'><strong>oculis,</strong></span> <span class='ocrx_word' id='word_1_166' title='bbox 881 2324 1076 2388; x_wconf 85' lang='lat' dir='ltr'><strong>tumidi</strong></span> <span class='ocrx_word' id='word_1_167' title='bbox 1116 2333 1230 2385; x_wconf 90' lang='lat' dir='ltr'><strong>stat</strong></span> <span class='ocrx_word' id='word_1_168' title='bbox 1273 2325 1333 2386; x_wconf 90' lang='lat' dir='ltr'><strong>in</strong></span> <span class='ocrx_word' id='word_1_169' title='bbox 1372 2341 1476 2385; x_wconf 88' lang='lat' dir='ltr'><strong>ore</strong></span> <span class='ocrx_word' id='word_1_170' title='bbox 1513 2326 1727 2386; x_wconf 84' lang='lat' dir='ltr'><strong>veneni</strong></span> 
     </span>
     <span class='ocr_line' id='line_1_26' title="bbox 228 2408 2072 2488; baseline 0.002 -19"><span class='ocrx_word' id='word_1_171' title='bbox 228 2410 449 2487; x_wconf 80' lang='lat' dir='ltr'><strong>Spuma</strong></span> <span class='ocrx_word' id='word_1_172' title='bbox 482 2410 715 2487; x_wconf 86' lang='lat' dir='ltr'><strong>virens,</strong></span> <span class='ocrx_word' id='word_1_173' title='bbox 754 2420 846 2472; x_wconf 86' lang='lat' dir='ltr'><strong>ter</strong></span> <span class='ocrx_word' id='word_1_174' title='bbox 887 2410 1082 2488; x_wconf 80' lang='lat' dir='ltr'><strong>lingua</strong></span> <span class='ocrx_word' id='word_1_175' title='bbox 1123 2408 1345 2485; x_wconf 80' lang='lat' dir='ltr'><strong>vibrat,</strong></span> <span class='ocrx_word' id='word_1_176' title='bbox 1388 2418 1554 2472; x_wconf 82' lang='lat' dir='ltr'><strong>terna</strong></span> <span class='ocrx_word' id='word_1_177' title='bbox 1597 2410 1824 2487; x_wconf 81' lang='lat' dir='ltr'><strong>agmina</strong></span> <span class='ocrx_word' id='word_1_178' title='bbox 1867 2408 2072 2474; x_wconf 82' lang='lat' dir='ltr'><strong>adunci</strong></span> 
     </span>
     <span class='ocr_line' id='line_1_27' title="bbox 227 2491 2240 2571; baseline 0.003 -18"><span class='ocrx_word' id='word_1_179' title='bbox 227 2491 471 2569; x_wconf 80' lang='lat' dir='ltr'><strong>Dentis,</strong></span> <span class='ocrx_word' id='word_1_180' title='bbox 515 2503 575 2554; x_wconf 89' lang='lat' dir='ltr'><strong>et</strong></span> <span class='ocrx_word' id='word_1_181' title='bbox 617 2503 853 2562; x_wconf 82' lang='lat' dir='ltr'><strong>auratae</strong></span> <span class='ocrx_word' id='word_1_182' title='bbox 900 2494 1154 2556; x_wconf 83' lang='lat' dir='ltr'><strong>crudelis</strong></span> <span class='ocrx_word' id='word_1_183' title='bbox 1197 2494 1389 2571; x_wconf 82' lang='lat' dir='ltr'><strong>gloria</strong></span> <span class='ocrx_word' id='word_1_184' title='bbox 1436 2494 1649 2560; x_wconf 70' lang='lat' dir='ltr'><strong>frontis</strong></span> <span class='ocrx_word' id='word_1_185' title='bbox 2132 2506 2240 2561; x_wconf 79' lang='grc'><strong>510</strong></span> 
     </span>
     <span class='ocr_line' id='line_1_28' title="bbox 229 2576 1703 2642; baseline -0.001 -3"><span class='ocrx_word' id='word_1_186' title='bbox 229 2576 545 2639; x_wconf 84' lang='lat' dir='ltr'><strong>Prominet.</strong></span> <span class='ocrx_word' id='word_1_187' title='bbox 630 2578 865 2641; x_wconf 88' lang='lat' dir='ltr'><strong>Inachio</strong></span> <span class='ocrx_word' id='word_1_188' title='bbox 911 2588 1172 2642; x_wconf 80' lang='lat' dir='ltr'><strong>sanetum</strong></span> <span class='ocrx_word' id='word_1_189' title='bbox 1216 2577 1420 2640; x_wconf 86' lang='lat' dir='ltr'><strong>dixere</strong></span> <span class='ocrx_word' id='word_1_190' title='bbox 1456 2578 1703 2639; x_wconf 82' lang='lat' dir='ltr'><strong>Tonanti</strong></span> 
     </span>
     <span class='ocr_line' id='line_1_29' title="bbox 230 2661 1778 2741; baseline -0.001 -17"><span class='ocrx_word' id='word_1_191' title='bbox 230 2661 590 2741; x_wconf 79' lang='lat' dir='ltr'><strong>Agricolae,</strong></span> <span class='ocrx_word' id='word_1_192' title='bbox 637 2665 726 2724; x_wconf 88' lang='lat' dir='ltr'><strong>cui</strong></span> <span class='ocrx_word' id='word_1_193' title='bbox 774 2681 913 2728; x_wconf 66' lang='lat' dir='ltr'><strong>cura</strong></span> <span class='ocrx_word' id='word_1_194' title='bbox 954 2663 1105 2740; x_wconf 89' lang='lat' dir='ltr'><strong>loci,</strong></span> <span class='ocrx_word' id='word_1_195' title='bbox 1150 2672 1209 2724; x_wconf 88' lang='lat' dir='ltr'><strong>et</strong></span> <span class='ocrx_word' id='word_1_196' title='bbox 1248 2662 1620 2724; x_wconf 84' lang='lat' dir='ltr'><strong>silvestribus</strong></span> <span class='ocrx_word' id='word_1_197' title='bbox 1662 2663 1778 2723; x_wconf 88' lang='lat' dir='ltr'><strong>aris</strong></span> 
     </span>
     <span class='ocr_line' id='line_1_30' title="bbox 225 2742 1865 2827; baseline 0.001 -19"><span class='ocrx_word' id='word_1_198' title='bbox 225 2746 462 2827; x_wconf 85' lang='lat' dir='ltr'><strong>Pauper</strong></span> <span class='ocrx_word' id='word_1_199' title='bbox 497 2742 715 2817; x_wconf 88' lang='lat' dir='ltr'><strong>honos;</strong></span> <span class='ocrx_word' id='word_1_200' title='bbox 757 2767 909 2810; x_wconf 86' lang='lat' dir='ltr'><strong>nunc</strong></span> <span class='ocrx_word' id='word_1_201' title='bbox 951 2749 1055 2810; x_wconf 88' lang='lat' dir='ltr'><strong>ille</strong></span> <span class='ocrx_word' id='word_1_202' title='bbox 1096 2747 1192 2811; x_wconf 87' lang='lat' dir='ltr'><strong>dei</strong></span> <span class='ocrx_word' id='word_1_203' title='bbox 1241 2748 1607 2809; x_wconf 86' lang='lat' dir='ltr'><strong>circumdare</strong></span> <span class='ocrx_word' id='word_1_204' title='bbox 1647 2747 1865 2827; x_wconf 84' lang='lat' dir='ltr'><strong>templa</strong></span> 
     </span>
     <span class='ocr_line' id='line_1_31' title="bbox 230 2830 1845 2911; baseline 0.001 -19"><span class='ocrx_word' id='word_1_205' title='bbox 230 2830 393 2911; x_wconf 87' lang='lat' dir='ltr'><strong>Orbe</strong></span> <span class='ocrx_word' id='word_1_206' title='bbox 434 2850 587 2910; x_wconf 86' lang='lat' dir='ltr'><strong>vago</strong></span> <span class='ocrx_word' id='word_1_207' title='bbox 629 2831 870 2910; x_wconf 86' lang='lat' dir='ltr'><strong>labeus,</strong></span> <span class='ocrx_word' id='word_1_208' title='bbox 914 2834 1163 2896; x_wconf 81' lang='lat' dir='ltr'><strong>miserae</strong></span> <span class='ocrx_word' id='word_1_209' title='bbox 1205 2851 1361 2896; x_wconf 88' lang='lat' dir='ltr'><strong>nunc</strong></span> <span class='ocrx_word' id='word_1_210' title='bbox 1393 2832 1612 2894; x_wconf 87' lang='lat' dir='ltr'><strong>robora</strong></span> <span class='ocrx_word' id='word_1_211' title='bbox 1656 2831 1845 2896; x_wconf 82' lang='lat' dir='ltr'><strong>silvae</strong></span> 
     </span>
     <span class='ocr_line' id='line_1_32' title="bbox 227 2916 2236 2998; baseline 0.001 -19"><span class='ocrx_word' id='word_1_212' title='bbox 227 2916 450 2979; x_wconf 82' lang='lat' dir='ltr'><strong>Atterit</strong></span> <span class='ocrx_word' id='word_1_213' title='bbox 496 2927 555 2979; x_wconf 90' lang='lat' dir='ltr'><strong>et</strong></span> <span class='ocrx_word' id='word_1_214' title='bbox 595 2927 792 2979; x_wconf 82' lang='lat' dir='ltr'><strong>vastas</strong></span> <span class='ocrx_word' id='word_1_215' title='bbox 838 2927 1036 2982; x_wconf 86' lang='lat' dir='ltr'><strong>tenuat</strong></span> <span class='ocrx_word' id='word_1_216' title='bbox 1075 2917 1481 2998; x_wconf 85' lang='lat' dir='ltr'><strong>complexibus</strong></span> <span class='ocrx_word' id='word_1_217' title='bbox 1517 2934 1717 2979; x_wconf 87' lang='lat' dir='ltr'><strong>ornos.</strong></span> <span class='ocrx_word' id='word_1_218' title='bbox 2133 2928 2236 2981; x_wconf 78' lang='lat'><strong>515</strong></span> 
     </span>
     <span class='ocr_line' id='line_1_33' title="bbox 231 3002 1893 3082; baseline 0.001 -19"><span class='ocrx_word' id='word_1_219' title='bbox 231 3004 433 3079; x_wconf 90' lang='lat' dir='ltr'><strong>Saepe</strong></span> <span class='ocrx_word' id='word_1_220' title='bbox 477 3021 659 3082; x_wconf 89' lang='lat' dir='ltr'><strong>super</strong></span> <span class='ocrx_word' id='word_1_221' title='bbox 700 3002 912 3064; x_wconf 81' lang='lat' dir='ltr'><strong>fluvios</strong></span> <span class='ocrx_word' id='word_1_222' title='bbox 952 3003 1219 3080; x_wconf 76' lang='lat' dir='ltr'><strong>geminae</strong></span> <span class='ocrx_word' id='word_1_223' title='bbox 1264 3003 1421 3064; x_wconf 84' lang='lat' dir='ltr'><strong>iacet</strong></span> <span class='ocrx_word' id='word_1_224' title='bbox 1462 3021 1689 3081; x_wconf 80' lang='lat' dir='ltr'><strong>aggere</strong></span> <span class='ocrx_word' id='word_1_225' title='bbox 1726 3002 1893 3082; x_wconf 81' lang='lat' dir='ltr'><strong>ripae</strong></span> 
     </span>
     <span class='ocr_line' id='line_1_34' title="bbox 230 3083 1941 3168; baseline 0.001 -23"><span class='ocrx_word' id='word_1_226' title='bbox 230 3083 583 3164; x_wconf 83' lang='lat' dir='ltr'><strong>Continuus,</strong></span> <span class='ocrx_word' id='word_1_227' title='bbox 630 3089 1001 3168; x_wconf 78' lang='lat' dir='ltr'><strong>squamisque</strong></span> <span class='ocrx_word' id='word_1_228' title='bbox 1043 3087 1264 3148; x_wconf 87' lang='lat' dir='ltr'><strong>incisus</strong></span> <span class='ocrx_word' id='word_1_229' title='bbox 1298 3087 1601 3150; x_wconf 83' lang='lat' dir='ltr'><strong>adaestuat</strong></span> <span class='ocrx_word' id='word_1_230' title='bbox 1636 3089 1843 3150; x_wconf 70' lang='lat' dir='ltr'><strong>amuis.»</strong></span> <span class='ocrx_word' id='word_1_231' title='bbox 1934 3121 1941 3133; x_wconf 85' lang='lat'><strong>·</strong></span> 
     </span>
     <span class='ocr_line' id='line_1_35' title="bbox 234 3169 1796 3251; baseline 0.003 -21"><span class='ocrx_word' id='word_1_232' title='bbox 234 3170 356 3231; x_wconf 86' lang='lat' dir='ltr'><strong>Sed</strong></span> <span class='ocrx_word' id='word_1_233' title='bbox 392 3189 542 3236; x_wconf 67' lang='lat' dir='ltr'><strong>auae</strong></span> <span class='ocrx_word' id='word_1_234' title='bbox 587 3169 804 3250; x_wconf 73' lang='lat' dir='ltr'><strong>Ogygii</strong></span> <span class='ocrx_word' id='word_1_235' title='bbox 841 3173 1015 3236; x_wconf 74' lang='lat' dir='ltr'><strong>iussis</strong></span> <span class='ocrx_word' id='word_1_236' title='bbox 1055 3172 1289 3251; x_wconf 70' lang='lat' dir='ltr'><strong>quando</strong></span> <span class='ocrx_word' id='word_1_237' title='bbox 1332 3173 1517 3234; x_wconf 87' lang='lat' dir='ltr'><strong>omnis</strong></span> <span class='ocrx_word' id='word_1_238' title='bbox 1561 3173 1796 3234; x_wconf 82' lang='lat' dir='ltr'><strong>anhelat</strong></span> 
     </span>
     <span class='ocr_line' id='line_1_36' title="bbox 232 3251 2065 3337; baseline 0.002 -23"><span class='ocrx_word' id='word_1_239' title='bbox 232 3253 421 3316; x_wconf 87' lang='lat' dir='ltr'><strong>Terra</strong></span> <span class='ocrx_word' id='word_1_240' title='bbox 463 3254 589 3332; x_wconf 89' lang='lat' dir='ltr'><strong>dei,</strong></span> <span class='ocrx_word' id='word_1_241' title='bbox 626 3256 1014 3337; x_wconf 83' lang='lat' dir='ltr'><strong>trepidaeque</strong></span> <span class='ocrx_word' id='word_1_242' title='bbox 1047 3257 1233 3320; x_wconf 80' lang='lat' dir='ltr'><strong>lateat</strong></span> <span class='ocrx_word' id='word_1_243' title='bbox 1274 3258 1332 3318; x_wconf 91' lang='lat' dir='ltr'><strong>in</strong></span> <span class='ocrx_word' id='word_1_244' title='bbox 1370 3257 1614 3337; x_wconf 84' lang='lat' dir='ltr'><strong>pulvere</strong></span> <span class='ocrx_word' id='word_1_245' title='bbox 1656 3251 1980 3335; x_wconf 72' lang='lat' dir='ltr'><strong>Nymphae,</strong></span> <span class='ocrx_word' id='word_1_246' title='bbox 2062 3287 2065 3292; x_wconf 95' lang='lat'>·</span> 
     </span>
     <span class='ocr_line' id='line_1_37' title="bbox 232 3340 2244 3422; baseline 0.001 -21"><span class='ocrx_word' id='word_1_247' title='bbox 232 3340 484 3401; x_wconf 87' lang='lat' dir='ltr'><strong>Saevior</strong></span> <span class='ocrx_word' id='word_1_248' title='bbox 527 3340 790 3402; x_wconf 79' lang='lat' dir='ltr'><strong>anfractu</strong></span> <span class='ocrx_word' id='word_1_249' title='bbox 833 3341 1078 3403; x_wconf 85' lang='lat' dir='ltr'><strong>laterum</strong></span> <span class='ocrx_word' id='word_1_250' title='bbox 1115 3341 1358 3404; x_wconf 78' lang='lat' dir='ltr'><strong>sinuosa</strong></span> <span class='ocrx_word' id='word_1_251' title='bbox 1398 3351 1750 3422; x_wconf 82' lang='lat' dir='ltr'><strong>retorquens</strong></span> <span class='ocrx_word' id='word_1_252' title='bbox 1870 3379 1875 3388; x_wconf 92' lang='lat'>·</span> <span class='ocrx_word' id='word_1_253' title='bbox 2136 3349 2244 3404; x_wconf 81' lang='lat'><strong>520</strong></span> 
     </span>
     <span class='ocr_line' id='line_1_38' title="bbox 231 3422 1803 3506; baseline 0 -22"><span class='ocrx_word' id='word_1_254' title='bbox 231 3422 431 3503; x_wconf 88' lang='lat' dir='ltr'><strong>Terga</strong></span> <span class='ocrx_word' id='word_1_255' title='bbox 470 3424 601 3485; x_wconf 88' lang='lat' dir='ltr'><strong>solo</strong></span> <span class='ocrx_word' id='word_1_256' title='bbox 647 3425 912 3506; x_wconf 77' lang='lat' dir='ltr'><strong>siccique</strong></span> <span class='ocrx_word' id='word_1_257' title='bbox 955 3443 1179 3492; x_wconf 71' lang='lat' dir='ltr'><strong>nocens</strong></span> <span class='ocrx_word' id='word_1_258' title='bbox 1217 3426 1359 3492; x_wconf 68' lang='lat' dir='ltr'><strong>furit</strong></span> <span class='ocrx_word' id='word_1_259' title='bbox 1401 3428 1538 3505; x_wconf 83' lang='lat' dir='ltr'><strong>igne</strong></span> <span class='ocrx_word' id='word_1_260' title='bbox 1574 3425 1803 3486; x_wconf 84' lang='lat' dir='ltr'><strong>veneni.</strong></span> 
     </span>
    </p>
   </div>
  </div>
 </body>
</html>
