2517 3909
870 129 1272 181 ‘rnnnunos
1315 131 1454 182 mn.
1499 131 1577 182 11.
2089 201 2101 214 ³
2139 121 2216 182 41

240 285 373 348 Non
415 284 610 367 parcit·
634 287 880 368 populis·
907 293 1148 367 regnum
1189 287 1403 360 breve3
1444 288 1725 369 respice„
1753 297 1995 367 quantus
2096 317 2101 326 ·

238 372 493 449 Horror,
533 380 593 431 et
630 373 853 433 attoniti
890 382 1091 434 nostro
1130 374 1188 433 in
1229 374 1559 435 discrimine
1603 372 1795 434 cives!
2221 427 2227 436 .

239 455 439 517 Hosne
471 472 619 534 ego,
661 459 798 537 quis
826 467 994 518 certa
1023 467 1115 518 est
1149 457 1257 520 sub
1288 468 1349 520 te
1379 459 1527 519 duce
1564 473 1786 537 poena,
1818 457 2177 539 relinquam?

235 541 457 620 Iratus,
497 558 812 619 germane,
853 543 1039 603 venis.
1126 540 1248 603 Fac
1289 543 1480 620 velle,
1525 561 1637 603 nec
1679 543 1814 622 ipsi,
2214 567 2221 576 ‚

239 626 303 686 Si
339 625 516 687 modo
556 634 754 687 notus
769 644 929 700 amor
968 626 1272 704 meritique
1316 636 1406 688 est
1441 628 1660 705 gratia,
1707 635 1946 707 patres
2118 638 2225 691 450

238 709 513 771 Reddere
549 729 731 788 regna
771 713 1004 772 sinent’
1088 709 1221 771 Non
1262 710 1412 773 ultra
1447 728 1689 791 passus,
1733 719 1793 772 et
1833 728 1969 773 orsa

236 794 443 856 Iniecit
476 795 681 856 mediis
720 795 1082 857 semonibus
1125 795 1334 856 obvia:
1380 796 1667 873 ‘Reddes,

237 880 589 958 Ingeminat,
634 880 883 956 reddes;
901 897 1040 941 non
1081 880 1132 939 si
1171 890 1230 940 te
1264 881 1496 942 ferrens
1539 897 1727 959 agger

235 964 502 1042 Ambiat,
544 974 641 1026 aut
686 965 950 1046 triplices
992 965 1120 1026 alio.
1152 965 1255 1025 tibi
1296 966 1547 1026 carmine
1588 982 1784 1027 muros

234 1047 527 1129 Amphion
568 1050 791 1112 auditus
834 1058 998 1127 agan
1032 1047 1115 1109 nil
1152 1049 1310 1128 tela,
1330 1093 1335 1100 -
1354 1068 1467 1111 nec
1506 1050 1675 1129 ignes
1728 1103 1735 1110 .
1888 1101 1893 1108 .
2115 1060 2219 1116 456

238 1132 609 1211 Obstiterint,
650 1136 785 1214 quin
818 1152 962 1198 ausa
1002 1134 1135 1195 luas
1172 1136 1505 1214 nostrisque
1543 1134 1655 1196 suh
1701 1136 1873 1196 armis
1902 1145 1907 1148 “
2080 1167 2085 1174 ·

239 1216 484 1298 Captivo
526 1218 900 1281 moribundus
942 1218 1170 1279 huinum
1212 1220 1538 1282 diademate
1579 1221 1803 1300 pulses.
1965 1273 1971 1279 .

237 1301 326 1363 Tu
365 1303 735 1365 meritorast
774 1305 976 1365 horum
1014 1304 1287 1382 miseret,
1331 1319 1480 1384 quos
1506 1305 1797 1383 sanguine
1836 1305 1985 1367 viles

239 1385 599 1466 Coniugibus
640 1389 908 1468 natisque
948 1388 1177 1451 infanda
1222 1389 1297 1451 ad
1335 1389 1562 1470 proelia
1602 1398 1804 1469 raptos
1952 1446 1956 1449 Α
1988 1439 1994 1448 .

233 1471 457 1532 Proicis
494 1472 759 1549 excidio,
801 1472 966 1533 boue·
996 1493 1122 1535 rex.
1209 1472 1264 1533 O
1305 1484 1515 1553 quanta
1555 1473 1871 1536 Cithaeron
2056 1509 2061 1516 -
2112 1482 2218 1538 460

233 1556 495 1634 Funera,
543 1559 992 1638 sanguineisque
1033 1558 1197 1620 vadis
1216 1603 1233 1635 ,
1272 1557 1533 1636 Ismene,
1575 1558 1824 1620 rotabis!

231 1641 394 1702 Haec
434 1643 656 1722 pictas,
701 1642 857 1703 hacc
890 1661 1099 1720 magna
1136 1642 1313 1703 fides!
1356 1659 1469 1704 nec
1509 1643 1743 1703 crimina
1783 1644 1974 1720 gentis

232 1725 377 1787 Mira
420 1726 686 1806 equidem
730 1728 913 1796 duco;
959 1728 1047 1786 sic
1089 1728 1307 1807 primus
1347 1729 1641 1804 sanguinis
1685 1732 1890 1788 auctor

233 1811 563 1890 Incestique
609 1820 834 1891 patu-mn
872 1810 1135 1888 thalami,
1181 1810 1290 1870 sed
1327 1810 1477 1871 fallit
1513 1811 1716 1888 origo:
1955 1859 1961 1868 .

234 1894 573 1975 Oedipodes
606 1906 668 1957 tu
711 1896 873 1956 solus
914 1914 1086 1972 eras,
1112 1894 1281 1956 haec
1324 1896 1578 1974 praemia
1614 1911 1841 1954 morum
2110 1902 2212 1957 465

233 1979 325 2040 Ac
369 1979 650 2058 sceleris,
693 1980 988 2058 violente,
1023 1979 1213 2040 feres:
1257 1997 1368 2039 nos
1412 1981 1710 2058 poscimus
1752 1996 1974 2039 annum.

230 2065 351 2125 Sed
393 2069 631 2126 moror.2
719 2063 882 2126 Haec
912 2064 1119 2127 audax
1127 2052 1450 2125 etiamnum
1490 2066 1548 2124 in
1585 2065 1778 2126 limine
1817 2071 1981 2123 retro

227 2149 613 2224 vociferans,
659 2150 768 2210 iam
803 2160 938 2211 tunc
980 2149 1207 2229 inpulsa
1250 2168 1361 2229 per
1403 2150 1637 2227 agmina
1672 2166 1984 2229 praeceps,

225 2232 461 2295 Evolat.
550 2231 785 2295 Oeneae
820 2233 1036 2296 vindex
1080 2235 1166 2294 sic
1210 2234 1313 2295 ille
1355 2232 1576 2295 Dianae
2186 2283 2193 2290 ,

227 2317 480 2379 Erectus
525 2319 667 2378 setis
708 2328 767 2379 et
791 2319 1066 2380 ‹aduncae
1103 2319 1342 2380 fulmine
1383 2319 1592 2397 malae,
2105 2323 2215 2381 470'

230 2402 419 2477 Quum
466 2412 762 2482 premeret
797 2403 1054 2483 Pelopea
1096 2403 1383 2483 phalanx,
1424 2423 1566 2465 saxa
1610 2402 1782 2464 obvia
1822 2401 2069 2463 volvens

226 2486 554 2566 Fractaque
590 2487 875 2566 perfossis
918 2487 1151 2549 arbusta
1182 2487 1472 2549 Acheloia
1511 2490 1677 2567 ripis,

228 2570 351 2632 Iam
392 2571 707 2633 Telamona
748 2572 918 2648 solo,
960 2574 1083 2633 iam'
1116 2579 1356 2633 stratum
1394 2571 1597 2632 Ixiona
1630 2572 1947 2649 linquens,⁴

230 2655 350 2734 Te,
391 2655 726 2734 Meleagre,
769 2656 949 2719 subit:
992 2657 1071 2717 ibi
1106 2659 1334 2719 demum
1378 2656 1621 2737 cuspide
1666 2655 1782 2717 lata
1904 2673 1909 2680 ·

225 2739 428 2802 Haesit
470 2750 529 2801 et
570 2740 790 2801 obnixo
829 2741 1044 2801 sermm
1087 2741 1306 2802 laxavit
1345 2742 1403 2801 in
1445 2759 1627 2803 armo.
1686 2775 1691 2782 ·
1857 2761 1866 2792 ι
1943 2789 1947 2798 .
2103 2750 2212 2808 475.

357 2824 513 2887 Talis
555 2824 742 2886 adhuc
782 2825 1069 2904 trepidum
1109 2826 1278 2906 liquit
1317 2824 1669 2902 Calydonius
1705 2823 1885 2886 heros

227 2907 586 2988 Concilium,
629 2909 964 2971 infrendens
1003 2911 1115 2989 ipsi
1158 2929 1267 2971 ceu
1309 2929 1493 2988 regna
1535 2918 1843 2989 negentur,
1956 2961 1959 2968 .

222 2993 600 3074 Festinatque
637 2995 761 3055 vias
794 3008 1125 3074 ramumque
1167 2995 1472 3075 precantis
1498 2995 1689 3056 olivae

223 3079 440 3140 Abicit.
528 3078 826 3140 Attonitae
860 3087 1146 3139 tectorum
1187 3098 1264 3139 ex
1301 3078 1548 3140 culmine
1587 3093 1806 3140 summo
1902 3089 1909 3094 ’
1942 3123 1949 3130 ·
2180 3125 2187 3134 ι

219 3163 605 3244 Prospectant
654 3171 865 3224 matres
881 3207 898 3241 ,
940 3180 1242 3243 saevoque
1274 3164 1505 3225 infanda
1542 3172 1856 3244 precantur
1964 3173 1971 3181 ‘
2030 3197 2039 3208 ‹
2103 3167 2215 3227 480·

221 3246 486 3310 Oenidae
527 3249 828 3328 tacitoque
859 3247 1030 3309 simul
1070 3248 1180 3310 sub
1224 3258 1471 3329 pectore
1514 3250 1667 3327 regi.
2174 3253 2201 3278 '·

345 3332 473 3394 Nec
507 3334 679 3413 piger
707 3333 950 3412 ingenio
998 3334 1287 3398 scelerum
1329 3333 1660 3412 fraudisque
1699 3332 1984 3394 mundae
2032 3341 2039 3348 ’

215 3416 442 3480 Rector
481 3421 640 3496 eget.
729 3417 1006 3480 Iuvenum
1046 3418 1196 3480 fidos
1239 3418 1559 3482 lectissima
1603 3418 1764 3481 bello
