2517 3909
939 176 1316 233 SILUARUM
1353 176 1415 233 L.
1453 177 1522 246 Π,
1560 183 1609 231 a.
2254 176 2340 241 57

195 322 266 389 Si
304 326 448 388 tam
485 321 645 388 dura
679 324 957 408 placent,
1001 322 1331 388 hominem
1370 323 1719 407 exprobret
1766 319 1853 408 (ei
1898 321 2088 387 mihi!
2115 322 2342 390 *subdo

193 413 351 497 Ipse
396 409 620 499 faces),
665 412 1012 497 hominem,
1056 409 1242 496 Urse,
1285 415 1490 495 tuum,
1536 411 1639 475 cui
1683 411 1866 477 dulce
1911 412 2160 477 uolenti
2275 427 2341 477 15

198 500 574 585 Seruilium,
619 501 722 565 cui
766 500 956 566 triste
1001 500 1187 584 nihil,
1231 501 1342 583 qui
1388 502 1622 584 sponte
1667 499 1919 585 sibique

196 588 602 674 Imperiosus
649 592 806 654 erat.
896 588 1196 673 quisnam
1242 587 1406 654 haec
1449 589 1520 653 in
1564 589 1795 654 funera
1839 589 2074 655 missos

200 676 499 764 Castiget
540 678 801 744 luctus}>
846 678 1051 763 gemit
1093 678 1268 743 inter
1312 678 1484 743 bella
1527 681 1935 762 peremptum

197 766 489 832 Parthus
535 789 789 853 equum,
832 766 1123 851 fidosque
1168 788 1361 833 canes
1397 767 1630 832 fleuere
1675 766 1977 851 Molossi,

201 855 298 920 Et
343 856 641 922 uolucres
685 855 972 922 habuere
1016 875 1250 941 rogum
1297 876 1653 942 ceruusque
1697 854 2053 922 Maronem.
2274 871 2343 921 20

203 943 400 1030 Quid,
447 944 503 1009 si
546 967 664 1010 nec
709 944 1038 1010 famulus?
1084 945 1220 1010 uidi
1262 945 1405 1029 ipse
1453 946 1831 1030 animosque
1876 945 2103 1011 notaui

202 1034 301 1098 Te
346 1037 604 1098 tantum
650 1034 970 1118 cupientis
1017 1055 1224 1118 erum;
1273 1033 1384 1098 sed
1430 1034 1641 1100 maior
1684 1034 1755 1099 in
1803 1054 1914 1100 ore

200 1120 491 1207 Spiritus
539 1125 605 1187 et
647 1125 874 1188 tenero
920 1122 1252 1188 manifesti
1297 1123 1370 1187 in
1417 1123 1729 1209 sanguine
1774 1143 2008 1188 mores,

197 1210 528 1295 Optarent
569 1211 849 1277 multum
894 1210 1129 1277 Graiae
1173 1215 1607 1296 cuperentque
1650 1210 1924 1277 Latinae

200 1299 316 1366 Sic
360 1300 688 1385 peperisse
733 1322 957 1366 nurus.
1044 1323 1179 1366 non
1222 1301 1424 1365 talem
1464 1298 1699 1366 Cressa
1743 1299 2092 1387 superbum
2274 1314 2340 1364 25

198 1387 456 1454 Callida
501 1389 781 1454 sollicito
827 1390 1162 1455 reuocauit
1204 1387 1458 1454 Thesea
1500 1390 1632 1475 filo,

195 1476 264 1542 N
266 1499 343 1542 ec
387 1476 575 1543 Paris
622 1477 925 1543 Oebalios
970 1478 1124 1543 talis
1172 1479 1430 1544 uisurus
1478 1500 1729 1544 amores

196 1565 515 1631 Rusticus
559 1567 801 1632 inuitas
849 1567 1081 1632 deiecit
1125 1567 1196 1631 in
1242 1588 1524 1652 aequora
1568 1568 1781 1652 pinus,

198 1652 357 1719 Non
402 1654 561 1719 fallo
611 1659 724 1719 aut
768 1659 999 1722 cantus
1046 1660 1309 1721 assueta
1352 1656 1618 1722 licentia
1663 1657 1869 1722 ducit:

195 1742 358 1809 Uidi
405 1747 474 1808 et
516 1742 725 1809 adhuc
768 1744 978 1829 uide0‚
1024 1745 1286 1830 qualem
1328 1766 1448 1810 nec
1484 1746 1657 1810 bella
1701 1749 2041 1810 canentem
2273 1760 2343 1811 30

196 1831 426 1898 Litore
471 1831 768 1918 uirgineo
816 1832 1043 1898 Thetis
1090 1833 1441 1900 occultauit
1482 1833 1827 1917 Achillem,

198 1920 345 1986 Nec
391 1922 632 1987 circum
678 1922 857 1987 saeui
901 1921 1264 2008 fugientem
1309 1923 1566 1988 moenia
1610 1923 1858 1988 Phoebi

199 2009 476 2076 Troilon
519 2009 921 2076 Haemoniae
968 2010 1307 2096 deprendit
1349 2012 1572 2077 lancea
1618 2012 1900 2077 dextrae.

204 2098 433 2176 Qualis
480 2120 622 2163 eras
660 2100 891 2184 procul
937 2102 1047 2165 en!
1097 2101 1347 2166 cunctis
1393 2101 1735 2185 puerisque
1779 2100 2064 2185 uirisque

198 2187 548 2253 Pulchrior
594 2192 659 2253 et
702 2191 962 2254 tantum
1008 2189 1274 2255 domino
1320 2190 1561 2255 minor!
1608 2190 1782 2254 illius
1828 2211 1994 2255 unus
2274 2204 2342 2254 35

202 2279 383 2342 Ante
424 2277 634 2362 decor,
681 2281 996 2362 quantum
1039 2279 1370 2362 praecedit
1414 2279 1589 2344 clara
1633 2279 1917 2345 minores

198 2365 393 2430 Luna
436 2366 615 2431 faces
663 2370 1106 2453 quantumque
1151 2367 1317 2433 alios
1362 2368 1599 2458 premit
1640 2367 1968 2451 Hesperos
2013 2367 2219 2453 ignes,

199 2454 359 2520 Non
405 2455 532 2520 tibi
575 2454 931 2521 femineum
975 2457 1167 2521 uultu
1212 2456 1405 2522 decus
1452 2478 1693 2541 oraque
1737 2478 1935 2541 supra

198 2543 426 2609 Mollis
471 2543 681 2609 honos
729 2542 955 2632 (quali,
999 2545 1234 2610 dubiae
1279 2567 1442 2631 quos
1488 2545 1760 2610 crimina
1801 2546 2051 2611 formae

201 2631 305 2697 De
352 2654 512 2698 sexu
555 2634 836 2698 transire
880 2633 1152 2720 iubent),
1196 2656 1529 2718 paruoque
1575 2634 1784 2699 uirilis
2274 2650 2345 2699 40

208 2720 466 2806 Gratia3
513 2743 635 2787 nec
680 2723 982 2807 petulans
1030 2724 1200 2788 acies
1247 2723 1597 2808 blandique
1646 2744 1872 2789 seuero

347 3099 418 3148 14
454 3092 757 3162 exprobret
790 3094 1017 3161 scripsi.-
1093 3093 1233 3149 emis
1260 3098 1308 3148 A
1353 3100 1388 3145 c
1426 3110 1466 3149 e.
1505 3112 1560 3149 u.
1602 3100 1671 3150 10
1720 3096 1728 3163 ι
1777 3069 1872 3150 hei
1899 3113 1957 3149 a:
1995 3095 2106 3149 heu
2131 3100 2169 3147 c
2210 3098 2231 3167 u
2277 3102 2344 3151 16
2466 3121 2470 3126 ·

202 3164 431 3221 sibimet
469 3164 683 3219 Markl.
693 3184 716 3230 ;
757 3165 953 3218 melius
1060 3167 1268 3220 cimus
1312 3164 1420 3220 sibi
1454 3164 1574 3235 ipse
1601 3168 1621 3236 ΙΙ
1648 3172 1718 3221 20
1749 3181 1918 3238 rogos
1948 3170 1984 3221 ς
2016 3166 2026 3234 Ι
2050 3164 2346 3223 'Maronem
2377 3231 2396 3238 ἢ

206 3235 649 3304 Peerlkampiusz
704 3251 935 3290 marone
991 3241 1026 3287 G
1079 3235 1327 3291 maronis
1381 3254 1416 3289 a
1458 3238 1478 3306 ΙΙ
1523 3242 1588 3292 21
1631 3236 1958 3307 animosque
1993 3238 2075 3295 ed.
2125 3239 2315 3296 Parm.
2328 3260 2345 3292 .-

201 3306 544 3376 habitusque
572 3311 607 3357 G
627 3324 662 3359 a
686 3307 708 3376 ΙΙ
734 3311 801 3360 22
833 3306 1105 3376 capientis
1135 3307 1451 3376 Heinsius'fl
1476 3313 1546 3363 28
1576 3308 1813 3364 Troasin
1839 3307 2051 3364 inuisas
2080 3309 2290 3367 Markl.
2327 3311 2347 3381 ΙΙ

200 3384 267 3433 39
305 3373 467 3448 quali
501 3378 731 3445 scripsi.-
767 3377 950 3447 qualis
988 3383 1023 3429 c
1061 3396 1094 3430 a
1130 3378 1327 3448 quales
1363 3380 1481 3435 edd.
1543 3380 1552 3448 Ι
1605 3394 1743 3448 quos
1787 3380 2014 3447 scripsi:
2056 3383 2186 3448 post
2233 3386 2269 3431 c
2314 3398 2348 3432 a

208 3448 537 3505 discrimina
575 3448 786 3503 Markl.
817 3450 837 3519 ss
863 3454 932 3503 40
968 3465 1255 3518 paruoque
1293 3449 1440 3505 edd:
1475 3451 1752 3519 toruoque
1787 3455 1834 3502 Δ
1868 3452 2144 3516 toruaque
2181 3454 2217 3499 c
