2517 3909
333 141 450 205 148
988 155 1051 202 P.
1096 153 1364 202 PAPmn
1412 152 1644 201 s‘rA‘rn

328 311 605 389 Agmina,
649 327 797 390 quos
838 308 993 370 Mide
1038 319 1095 370 et
1139 325 1289 389 quos
1326 307 1555 370 humida
1598 310 1863 387 suggerit
1896 310 2089 386 Arne,

328 395 538 457 Aulida
580 397 675 478 qui
715 395 1076 474 Graeamque
1116 403 1315 455 serunt
1350 395 1685 472 viridesque
1729 393 2028 471 Plataeas,

327 481 404 542 Et
444 479 610 541 sulco
654 479 913 540 Peteona
955 481 1187 540 domant
1217 479 1577 557 refluumque
1622 487 1813 540 meatu

327 566 638 644 Euripum,
680 582 792 643 qua
828 574 1031 625 noster
1072 564 1224 640 abit,
1264 573 1445 643 teque
1488 564 1686 623 ultima
1729 572 1916 624 tractu

326 649 670 726 Anthedon,
725 648 822 709 ubi
859 651 1157 728 gramineo
1199 649 1277 709 de
1317 648 1490 708 litore
1525 646 1778 708 Glaucus
2219 659 2339 714 335

326 736 646 797 Poscentes
681 737 894 813 inrupit
933 752 1145 813 aquas,
1189 735 1302 793 iam
1348 735 1508 794 crine
1548 735 1834 811 genisque

329 818 647 895 Caerulus,
694 826 753 878 et
789 820 999 878 mixtos
1041 820 1282 897 expavit
1318 815 1397 878 ab
1431 818 1663 895 inguine
1704 821 1921 896 pisces,

329 903 643 965 Glandibus
681 911 739 963 et
781 911 930 962 torta
975 902 1283 982 Zephyros
1324 903 1581 963 incidere
1625 902 1799 962 funda

333 986 514 1058 Cura;
560 985 868 1063 Cydoneas
915 987 1209 1047 anteibunt
1251 1005 1398 1064 gesa
1442 989 1701 1065 sagittas.

330 1072 416 1133 Tu
459 1089 689 1151 quoque
733 1072 1096 1152 praeclarum
1138 1071 1358 1147 forma,
1402 1070 1728 1150 Cephisse,
1772 1070 2040 1131 dedisses
2226 1082 2347 1136 340

322 1156 688 1233 Narcissum,
735 1157 842 1216 sed
884 1155 1227 1235 Thespiacis
1269 1158 1381 1217 iam
1416 1155 1609 1236 pallet·
1637 1157 1693 1215 in
1734 1156 1890 1232 agris

327 1241 485 1302 Trux
523 1260 695 1321 puer;
746 1241 947 1301 orbata
988 1241 1192 1301 florem
1236 1251 1404 1321 pater
1442 1240 1605 1301 alluit
1645 1239 1817 1301 unda.

327 1325 472 1400 Quis
515 1326 616 1386 tibi
659 1325 1000 1386 Phoebaeas
1045 1327 1205 1385 acies
1247 1334 1630 1403 veteremque
1672 1325 1939 1385 revolvat

322 1407 622 1472 Phocida?
668 1411 764 1488 qui
812 1409 1117 1488 Panopen,
1157 1412 1254 1489 qui
1289 1410 1572 1485 Daulida,
1620 1412 1715 1488 qui
1761 1408 2142 1488 Cyparisson,

326 1494 401 1556 Et
443 1494 668 1571 valles,
713 1494 1014 1571 Lebadea,
1059 1502 1188 1554 tuas
1233 1504 1292 1555 et
1332 1493 1680 1573 Hyampolin
1721 1495 1842 1554 acri
2221 1505 2342 1559 345

327 1578 638 1640 Subnixam
683 1579 958 1657 scopulo,
1010 1578 1110 1639 vel
1149 1582 1246 1658 qui
1286 1580 1610 1640 Parnasson
1654 1588 1955 1657 utrumque

326 1665 444 1724 Aut
477 1660 756 1738 Cyrrham
797 1665 976 1724 tauris
1022 1663 1506 1743 Anemoriamque
1550 1653 1815 1742 supinant

327 1746 754 1827 Coryciumque
788 1766 1022 1825 nemus,
1069 1749 1617 1828 propellentemque
1661 1747 1912 1809 Lilaeam

330 1830 600 1912 Cephissi
641 1833 894 1910 glaciale
941 1842 1146 1912 caput,
1194 1850 1309 1911 quo
1354 1841 1553 1893 suetus
1596 1833 1860 1893 anhelam

324 1918 507 1978 Ferre
548 1919 700 1977 sitim
741 1917 964 1994 Python
1002 1935 1340 1998 amnemque
1384 1926 1651 1978 avertere
1694 1914 1918 1996 ponto?
2098 1921 2103 1927 ’
2219 1928 2339 1983 350

329 2001 603 2062 Omnibus
648 2004 912 2063 inmixtas
951 2018 1100 2062 cono
1145 2021 1324 2080 super
1364 2002 1604 2081 adspice
1648 2002 1844 2062 lauros

325 2087 617 2166 Armaque
657 2087 756 2146 vel
800 2086 1006 2162 Tityon
1046 2086 1146 2146 vel
1188 2086 1382 2147 Delon
1425 2086 1727 2162 habentia,
1771 2087 1870 2146 vel
1913 2090 2058 2165 qua's

325 2170 434 2232 Hic
476 2171 620 2231 deus
667 2172 958 2231 innumera
1004 2171 1217 2231 laxavit
1266 2171 1450 2231 caede
1493 2170 1816 2251 pharetras.

325 2255 545 2334 Iphitus
587 2273 725 2314 acer
768 2258 922 2333 agit,
976 2256 1206 2333 genitor
1244 2257 1336 2315 cui
1375 2273 1563 2334 nuper
1605 2255 1907 2335 ademptus

324 2339 626 2400 Naubolus
659 2339 1039 2419 Hippasides,
1082 2349 1247 2416 tuus,
1294 2358 1330 2399 o
1373 2341 1670 2400 mitissime
1704 2339 1836 2415 Lai,
2216 2352 2334 2406 355

324 2423 591 2503 Hospes;
632 2425 820 2485 adhuc
862 2443 1061 2485 currus
1109 2442 1433 2503 securaque
1479 2424 1603 2485 lora
1644 2423 1914 2500 tenebat,

328 2507 513 2581 Quum
550 2518 646 2568 tua
692 2509 895 2570 subter
933 2527 1122 2588 equos
1165 2510 1341 2569 iacuit
1386 2509 1663 2570 convulsa
1706 2510 1958 2570 cruentis

324 2591 575 2669 Ictibus,
622 2610 657 2653 o
701 2596 912 2654 utinam
954 2604 1155 2655 nostro
1198 2612 1327 2654 cum
1372 2596 1688 2671 sanguine,
1729 2592 1995 2654 cervixl’

451 2676 711 2738 Dicentis
746 2679 1020 2739 maduere
1062 2696 1288 2757 genae,
1324 2678 1659 2757 vultumque
1701 2696 1811 2757 per
1851 2695 2079 2738 omnem

326 2761 523 2822 Pallor
563 2764 657 2839 iit,
703 2766 984 2842 vocisque
1026 2781 1242 2843 repens
1285 2763 1570 2840 singultus
1606 2772 1867 2842 apertum
2215 2773 2334 2829 360

326 2844 640 2925 Intercepit
676 2850 813 2916 iter;
867 2847 1098 2907 refovet
1131 2848 1397 2924 frigentis
1439 2849 1682 2907 amicum

328 2929 537 2990 Pectus
582 2931 804 2992 alumna
847 2932 1035 2999 senis;
1076 2933 1225 2992 redit
1270 2941 1442 3011 atque
1479 2932 1636 2992 exile
1674 2931 1963 3011 profatur:

450 3013 535 3075 ‘O
578 3016 713 3075 mihi
753 3015 1063 3075 sollicitum
1106 3017 1289 3077 decus
1330 3033 1402 3076 ac
1441 3034 1709 3094 suprema
1752 3015 2056 3094 voluptas,

330 3099 651 3178 Antigone!
702 3118 867 3161 seras
903 3099 1007 3160 tibi
1050 3101 1324 3161 demoror
1360 3101 1641 3179 inprobus
1682 3100 1945 3176 umbras,
2489 3130 2491 3209 1

329 3183 476 3244 Fors
520 3184 722 3245 eadem
765 3185 993 3245 scelera
1039 3194 1095 3245 et
1141 3185 1357 3246 caedes
1400 3187 1628 3246 visurus
1670 3187 1872 3246 avitas.
2217 3199 2329 3252 365

328 3266 535 3329 Donec
577 3278 636 3329 te
675 3269 938 3330 thalamis
980 3269 1231 3330 habilem
1270 3271 1667 3350 integrumque
1706 3271 2031 3346 resignem,

328 3351 456 3412 Hoc
494 3355 667 3430 satis,
715 3362 773 3414 et
816 3354 1033 3415 fessum
1072 3355 1189 3413 vita
1231 3354 1526 3431 dimittite,
1567 3354 1809 3416 Parcae.

332 3436 451 3496 Sed
490 3436 624 3496 dum
665 3437 832 3500 labor
873 3439 1062 3516 iners,
1110 3440 1303 3516 quanti
1339 3457 1488 3500 nunc
1534 3457 1680 3500 ecce
1722 3440 1918 3502 reviso
