2517 3909
810 146 1208 200 ΤΗΕΒΑιΒοε
1251 149 1392 200 Lm.
1439 150 1514 200 11.
2085 142 2164 204 33

181 303 579 384 Dircaeusque
613 301 853 382 gradum
895 304 1232 385 pariterque
1271 304 1593 374 Acheloius
1626 305 1806 372 heros

188 388 535 469 Corripuere
574 390 740 449 toris.
819 388 963 449 Illos
1006 398 1143 468 post
1183 389 1438 454 verbera
1478 391 1733 456 fessos.-

182 472 619 554 Exceptamque
655 472 903 536 hiemem
937 490 1124 538 cornu
1147 474 1501 554 perfuderat
1542 477 1694 540 omni
2108 519 2113 526 -

184 560 456 620 Somnus:
503 568 561 620 at
601 558 836 619 Inachio
879 560 1072 622 tennis
1111 558 1222 619 suh
1265 569 1511 644 pectore
1553 562 1683 638 regi
2065 575 2165 630 145

184 642 392 704 Tracta
434 645 638 724 quies,
686 643 816 704 dum
857 652 1049 704 mente
1089 643 1237 708 deos
1283 646 1635 724 inceptaque
1676 655 1874 707 versat

179 727 475 808 Ruspina,
515 737 574 789 et
616 746 767 808 quae
805 729 916 789 sint
954 729 1188 806 generis
1231 729 1456 791 adscita
1500 731 1753 809 repertis

177 810 314 874 Fata
354 822 569 874 movet.
656 813 966 893 Postquam
1005 812 1214 884 mediis
1251 815 1315 874 in
1355 812 1595 876 sedibus
1634 814 1802 878 aulae

182 896 499 978 Congressi
541 898 714 978 inque
756 899 946 960 vicem
987 898 1225 960 dextras
1276 899 1519 960 iunxere
1563 898 1895 979 locumque,

183 982 309 1057 Quo
354 1000 559 1044 serere
606 999 848 1045 arcanas
894 991 1090 1061 aptum
1130 992 1305 1062 atque
1345 977 1641 1050 evolvere
1673 1002 1862 1063 curas,
2066 1000 2168 1052 1⁵0

181 1066 461 1139 Insidunt;
507 1069 672 1147 prior
708 1067 798 1128 his
838 1065 1047 1130 dubios
1083 1067 1421 1146 compellat
1431 1066 1744 1130 Adrastus:

308 1151 592 1230 ‘Eg-regii
632 1154 934 1228 iuvenum,
967 1168 1118 1232 quos
1159 1169 1277 1212 non
1319 1153 1446 1213 sine
1488 1153 1716 1214 numine
1756 1156 1985 1232 regnis!
2036 1201 2059 1224 ,.

173 1235 403 1298 Invexit
447 1255 566 1298 nox
608 1237 814 1300 dextra
854 1237 998 1298 meis
1016 1281 1036 1313 ,
1082 1235 1290 1316 quibus
1332 1237 1466 1316 ipse
1506 1255 1615 1316 per
1651 1237 1893 1316 imbres,

173 1320 526 1383 Fulminibus
568 1323 778 1383 mixtos
811 1323 1349 1402 intempestumque
1394 1318 1739 1384 Tonantem·
1858 1387 1867 1394 ,

172 1406 290 1467 Has
324 1424 490 1466 meus
526 1425 714 1487 usque
751 1407 956 1468 domos
990 1408 1239 1483 vestigia
1284 1405 1428 1470 feeit
1467 1405 1719 1486 Apollo;
2065 1424 2166 1475 155

171 1489 303 1552 Non
349 1490 618 1571 equidem
655 1491 963 1554 obscurum
999 1490 1492 1570 vobis-plebique
1527 1489 1816 1570 Pelasgae

168 1574 322 1637 Esse
368 1593 541 1653 reor,
584 1579 811 1656 quantis
855 1574 1101 1638 conubia
1141 1583 1341 1638 nostra
1383 1592 1707 1654 procorum

170 1659 366 1723 Turba
407 1669 607 1741 petant
647 1661 884 1726 studiis:
928 1661 1198 1737 geminae
1237 1657 1374 1722 mihi
1416 1678 1702 1740 namque,
1747 1671 2019 1741 nepotum

167 1744 346 1807 Laeta
388 1745 565 1822 fides,
609 1762 799 1826 aequo
833 1743 1162 1824 pubescunt
1202 1743 1398 1805 sidere
1439 1752 1630 1812 natae.

170 1829 433 1905 Quantus
474 1830 662 1891 honos
704 1838 1070 1910 quantusque
1112 1827 1337 1908 pudor,
1375 1846 1450 1890 ne
1496 1827 1716 1892 credite
1765 1831 1933 1908 patri,
2056 1841 2167 1898 ,160

168 1913 243 1975 Et
285 1934 469 1995 super
509 1915 815 1977 hesternas
851 1913 1018 1982 licuit
1057 1929 1432 1990 cognoscere
1470 1929 1724 1975 mensas

57 1995 84 2024 ⁸·
168 1999 285 2061 Has
329 2000 529 2061 tumidi
565 2000 717 2061 solio
758 2008 817 2062 et
859 1999 976 2062 late
1017 1996 1441 2060 dominantibus
1481 1998 1653 2060 armis

171 2083 468 2165 Optavere
510 2085 622 2145 viri
662 2117 748 2132 --
782 2084 1019 2162 longum
1061 2099 1405 2143 enumerare
1445 2080 1741 2143 Pharaeos
2004 2131 2011 2140 .

170 2164 571 2249 Oebaliosque
615 2169 831 2246 duces,
872 2200 961 2217 —-·
1006 2177 1066 2232 et
1106 2166 1350 2230 Achaea
1395 2185 1505 2247 per
1543 2166 1762 2247 oppida
1803 2147 2038 2242 matreS,

170 2252 353 2330 Spem
398 2255 667 2331 generis,
712 2272 821 2315 nec
864 2254 1042 2334 plura
1069 2261 1200 2314 tuus
1237 2251 1596 2331 despexerat
1632 2249 1871 2314 Oeneus
2065 2261 2165 2326 165

166 2333 439 2397 Foedera
479 2337 819 2419 Pisaeisque
863 2356 1041 2402 socer
1077 2337 1420 2400 metuendus
1467 2334 1730 2397 habenis.
2094 2367 2099 2374 ·

170 2420 288 2481 Sed
332 2419 471 2481 mihi
508 2438 624 2481 nec
661 2424 874 2510 Sparta
912 2424 1145 2501 genitos
1187 2440 1303 2484 nec
1342 2419 1416 2480 ab
1461 2419 1634 2486 Elide
1678 2421 1888 2482 missos
2020 2467 2023 2472 .
2116 2443 2123 2452 ·

167 2505 418 2584 Iungere
460 2505 552 2567 fas
587 2521 874 2584 generos:
911 2507 1085 2572 vobis
1119 2506 1217 2567 hic
1257 2506 1497 2583 sanguis
1546 2513 1606 2565 et
1650 2504 1853 2568 aulae

166 2589 297 2652 lura
336 2608 537 2668 meae,
576 2591 756 2670 longo
800 2593 1156 2672 promittitur
1182 2590 1391 2650 ordine
1434 2588 1558 2649 fati.
2124 2639 2131 2648 .

165 2674 241 2735 Di
282 2674 469 2753 bene,
516 2676 671 2755 quod
711 2677 862 2737 tales
897 2674 1637 2755 ,stirpemqueannnosque
1680 2674 1910 2749 venitis,
1892 2717 1931 2749 ‚,
2065 2682 2166 2742 170

165 2758 243 2820 Ut
284 2777 573 2840 responsa
614 2762 836 2822 iuvent:
875 2761 974 2822 hie
1015 2760 1196 2822 durae
1232 2768 1498 2838 tempore
1542 2759 1765 2822 noctis·
1998 2781 2005 2786 ·

166 2843 372 2905 Partus
412 2845 630 2923 honos,
677 2844 827 2907 haee
866 2845 967 2907 illa
1002 2843 1160 2906 venit
1197 2852 1337 2923 post
1375 2841 1625 2908 verbera
1661 2847 1953 2906 merces.'.

292 2929 648 3007 Audieram,
689 2930 960 3010 fixosque
1001 2928 1209 2992 oeulos
1251 2945 1360 3007 per
1384 2936 1601 2992 mutua
1638 2925 1868 3007 paulum

166 3012 282 3077 Ora
324 3023 558 3091 tenent,
601 3016 830 3095 visique
871 3016 1022 3076 inter
1057 3031 1197 3075 sese
1239 3011 1444 3074 ordine
1487 3011 1642 3074 fandi

169 3095 423 3161 Cedere.
514 3100 635 3162 Sed
680 3100 905 3162 cunctis
946 3097 1181 3175 Tydeus
1218 3096 1521 3158 audentior
1563 3099 1710 3160 actis
2062 3104 2162 3160 1⁶15

164 3181 404 3264 Incipit.
450 3183 536 3244 ‘0
578 3202 749 3265 quam
788 3194 848 3246 te
892 3202 1152 3265 parcum
1174 3184 1234 3242 in
1274 3185 1589 3261 praeconia
1631 3182 1819 3243 famae

161 3264 330 3329 lens
372 3271 554 3349 agitat
587 3279 808 3332 matura
843 3279 1013 3346 tuae,
1055 3275 1445 3349 quantumque
1485 3267 1770 3330 ferentem

163 3350 475 3416 Fortunam
514 3355 726 3416 virtute
769 3354 998 3417 domas!
1076 3350 1184 3414 Cui
1219 3351 1391 3413 cedat
1432 3351 1715 3416 Adrastus

164 3433 475 3515 Imperiis?
518 3442 647 3519 quis
689 3449 752 3503 te
790 3439 944 3502 solio
977 3438 1255 3514 Sicyonis
1298 3436 1487 3500 avitae

253 3540 522 3586 svn-ms
568 3545 639 3586 11.
1614 3587 1618 3592 ,
1799 3517 1834 3577 3
