2517 3909
807 138 1208 189 THEBAIDOS
1245 140 1389 188 LIB.
1423 140 1545 188 vn.
2055 132 2171 192 157

186 297 239 359 It
283 297 512 357 fremitu
554 296 847 374 gaudens,
891 296 1033 357 licet
1075 313 1232 356 arma
1274 312 1615 375 gregesque
1650 294 1941 360 lacessant

184 382 537 443 Venantum:
583 381 859 461 praedam
900 380 1061 441 videt
1104 391 1161 441 et
1196 399 1300 442 sua
1341 381 1582 442 vulnera
1625 382 1831 441 nescit.

187 469 288 529 Sic
323 475 460 527 tuuc
501 483 825 543 congressu
871 464 1175 543 Capaneus
1219 468 1456 543 gavisus
1492 466 1686 544 iniquo
2070 474 2174 530 675

185 550 457 612 Librabat
494 568 701 628 magua
741 560 1037 610 venturam
1081 550 1237 610 mole
1283 568 1641 628 cupressum.

187 636 341 698 Ante
383 645 573 696 tamen
615 640 634 671 θ
653 635 806 710 Quid
841 635 1106 696 femineis
1149 634 1501 710 ululatibus,
1545 635 1745 712 utquit,

188 721 532 798 Terriflcas‚
578 722 886 793 moriture,
928 716 1131 779 viros?
1173 720 1386 780 utinam
1425 720 1554 798 ipse
1597 720 1844 793 veniret,

191 803 297 866 Cui
340 805 513 866 furis!
550 805 698 866 haec
740 804 934 880 Tyriis
969 821 1112 864 cane
1149 805 1425 865 matribus
1443 807 1487 879 ,⁹
1536 812 1595 862 et
1635 802 1803 863 simul
1846 801 2065 862 hastam

186 889 451 969 Expulit;
499 890 599 950 illa
638 889 877 965 volanS,
920 907 1029 949 ceu
1062 890 1152 949 vis
1192 906 1310 948 non
1349 888 1466 949 ulla
1503 896 1761 948 moretur
2070 895 2174 951 680

189 974 406 1050 Obvia,
449 976 549 1035 vix
591 976 782 1035 sonuit
824 974 1018 1052 clipeo
1064 982 1124 1035 et
1163 976 1277 1035 iam
1313 984 1482 1051 terga
1517 972 1771 1053 reliquit.

188 1060 363 1119 Arma
411 1060 621 1136 fluunt,
668 1060 977 1137 longisque
1019 1068 1221 1137 crepat
1266 1057 1610 1136 singultibus
1650 1075 1869 1134 aurum,

188 1144 561 1223 Eruptusque
611 1145 766 1204 sinus
812 1145 950 1204 vicit
994 1160 1182 1203 cruor.
1268 1142 1501 1204 Occidis
1550 1141 1758 1220 audax,

190 1227 424 1289 Occidis
465 1229 635 1289 Aonii
673 1247 820 1308 puer
858 1228 1044 1288 altera
1085 1246 1222 1288 cura
1261 1227 1460 1303 Lyaei.

187 1312 444 1375 Marcida
482 1323 538 1373 te
580 1314 779 1375 fractis
825 1313 1168 1392 planxerunt
1206 1313 1423 1373 Ismara
1465 1313 1702 1388 thyrsis,
2070 1320 2172 1374 685

188 1397 272 1458 Te
320 1397 595 1476 Tmolos,
638 1408 697 1459 te
739 1398 901 1474 Nysa
940 1397 1107 1458 ferax
1149 1396 1497 1474 Theseaque
1531 1395 1732 1457 Naxos

184 1481 263 1543 Et
304 1482 581 1544 Thebana
621 1493 777 1543 metu
816 1484 1032 1542 iuratus
1075 1484 1132 1541 in
1177 1480 1355 1559 Orgia
1400 1480 1648 1559 Ganges.

185 1566 314 1628 Nec
356 1586 598 1645 segnem
640 1566 961 1645 Argolicae
1005 1584 1246 1625 sensere
1286 1566 1572 1626 Eteoclea
1602 1575 1843 1641 turmae,

183 1651 422 1713 Parcior
460 1653 534 1713 ad
578 1653 739 1712 cives
782 1650 1073 1725 Polynicis
1112 1651 1396 1709 inhorruit
1435 1651 1611 1710 ensis.

310 1735 539 1797 Eminet
583 1745 715 1796 ante
758 1735 905 1795 alios
950 1736 1061 1795 iam
1101 1734 1538 1794 formidantibus
1574 1751 1713 1794 arva
2071 1741 2176 1796 690

187 1820 569 1899 Amphiaraus
613 1822 777 1899 equis
819 1838 889 1880 ac
928 1819 1104 1879 multo
1147 1818 1395 1898 pulvere
1436 1819 1612 1878 vertit

187 1904 465 1984 Campum
498 1906 915 1982 indignantem,
961 1903 1178 1964 famulo
1219 1904 1400 1963 decus
1436 1903 1802 1963 addit'inane
1844 1924 1852 1932 ·

184 1989 449 2051 Moestus
495 1999 555 2051 et
594 2000 890 2050 extremos
932 1988 1123 2049 obitus
1165 1988 1416 2049 illustrat
1456 1986 1695 2066 Apollo.

180 2076 293 2137 Ille
340 2076 511 2135 etiam
556 2075 803 2153 clipeum
847 2074 1190 2153 galeamque
1235 2071 1491 2133 incendit
1529 2071 1755 2133 honoro

193 2161 434 2228 Sidere;
474 2177 586 2219 uec
628 2159 792 2219 tarde
834 2159 1031 2234 fratri,
1079 2157 1367 2232 Gradive,
1414 2155 1644 2233 dedisti,
2073 2161 2173 2215 695

184 2244 277 2305 Ne
324 2261 435 2322 qua
473 2262 673 2304 manus
714 2251 937 2319 vatem,
982 2261 1057 2302 ne
1103 2243 1241 2322 quid
1281 2241 1544 2302 mortalia
1580 2241 1744 2301 bello

179 2328 446 2389 Laedere
487 2329 606 2392 tela
650 2337 888 2406 queant:
943 2336 1200 2388 sanctum
1245 2336 1307 2387 et
1347 2325 1687 2386 venerabile
1729 2324 1850 2384 Diti

185 2412 383 2473 Funus
420 2422 562 2474 erat.
642 2411 802 2474 Talis
843 2413 1067 2473 medios
1110 2412 1357 2471 infertur
1396 2412 1454 2470 in
1495 2411 1699 2471 hostes

189 2496 401 2559 Certus
444 2506 504 2556 et
546 2499 673 2576 ipse
716 2499 912 2573 necis,
952 2498 1109 2556 vires
1148 2495 1357 2555 fiducia
1399 2494 1504 2555 leti

188 2584 493 2661 Suggerit;
539 2583 673 2643 inde
712 2583 840 2641 viro
878 2582 1213 2658 maioraque
1254 2578 1512 2639 membra
1558 2578 1802 2657 diesque
2076 2586 2179 2642 700

187 2666 425 2729 Laetior
464 2676 522 2727 et
558 2684 861 2744 numquam
901 2674 1056 2725 tanta
1099 2664 1465 2742 experientia
1511 2663 1687 2740 coeli,

181 2753 256 2813 Si
295 2761 495 2812 vacet:
541 2752 748 2812 avertit
782 2750 951 2810 morti
994 2749 1350 2809 contermina
1392 2747 1608 2809 Virtus.

187 2836 378 2898 Ardet
418 2834 718 2914 inexpleto
762 2835 925 2894 saevi
966 2832 1243 2893 Mavortis
1289 2850 1511 2910 amore,

185 2921 263 2982 Et
307 2921 510 2981 fruitur
548 2921 754 2980 dextra
797 2928 971 2998 atque
1015 2919 1196 2979 anima
1238 2918 1522 2996 flagrante
1564 2918 1845 2997 superbit.

186 3006 298 3067 Hic
333 3007 619 3067 hominum
662 3022 834 3066 casus
879 3004 1062 3064 lenire
1107 3011 1166 3062 et
1208 3001 1448 3064 demere
1490 3003 1623 3063 fatis
2077 3007 2178 3062 705

187 3092 323 3152 lura
364 3092 678 3169 frequens,
723 3097 993 3169 quantum
1035 3086 1226 3147 subito
1262 3088 1527 3148 diversus
1571 3086 1643 3148 ab
1682 3086 1807 3161 illo,

192 3176 306 3249 Qui
349 3176 612 3253 tripodas
655 3174 965 3252 laurusque
1003 3174 1208 3251 sequi,
1250 3174 1350 3250 qui
1391 3172 1598 3233 doctus
1638 3173 1695 3231 in
1738 3170 1891 3231 omni

190 3258 361 3320 Nube
402 3261 648 3321 salutato
690 3259 990 3319 volucrem
1036 3274 1404 3335 cog-noscere
1446 3256 1704 3317 Phoebo.

189 3345 549 3406 Innumeram
593 3344 753 3403 ferro
791 3342 1062 3422 plebem,
1109 3359 1219 3402 ceu
1259 3341 1456 3402 letifer
1494 3359 1673 3402 annus

191 3429 309 3492 Aut
349 3429 514 3491 iubar
553 3428 784 3490 adversi
825 3445 1008 3506 grave
1054 3426 1297 3504 sideris,
1342 3426 1576 3487 inmolat
1609 3422 1825 3484 umbris
2080 3430 2183 3485 710
