2517 3909
679 128 743 177 Ρ.
788 128 1053 178 PAPINH
1098 127 1328 178 sumn
1368 127 1577 178 THEB.
1623 130 1761 181 LIB.
1805 132 1873 181 v:
1922 127 1941 148 ⁶*
2180 122 2262 185 93

410 283 685 363 Ingemit,
726 292 787 345 et
827 285 1059 364 paulum
1101 284 1242 346 fletu
1282 293 1550 348 cunctata
1584 284 1849 348 modesto

278 368 546 430 Lemnias
588 386 723 430 orsa
765 369 981 431 refert:
1026 368 1318 434 ‘Inmauia
1360 370 1639 447 vulnera,
1681 382 1899 449 rector,

279 453 585 532 Integrare
627 453 829 530 iubes,
869 453 1073 516 Furias
1112 463 1172 514 et
1212 454 1466 518 Lemnon
1504 463 1567 516 et
1609 455 1784 517 arctis
2195 467 2266 521 30

281 538 462 600 Arma
501 540 720 600 inserta
760 539 905 600 toris
941 538 1390 618 debellatosque
1426 539 1699 619 ‘pudendo

278 622 443 685 Ense
485 641 708 684 mares:
749 623 902 684 redit
945 623 1119 685 ecce!
1160 624 1326 684 nefas
1368 634 1431 684 'et
1473 622 1686 701 frigida
1728 623 1893 685 cordi
1942 683 1947 688 .

281 706 579 769 Eumenis.
645 706 693 767 Ο
722 707 1004 785 miserae,
1050 707 1256 788 quibus
1287 708 1382 769 hic
1412 708 1574 772 furor
1597 708 1851 772 additus!
1898 725 1933 768 o
1964 708 2113 770 nox!

285 791 337 852 Ο
379 791 571 874 pater!
621 792 724 853 illa
764 810 880 870 ego
921 811 1078 869 nam,
1128 792 1345 872 pudeat
1387 811 1462 856 ne
1498 793 1652 854 forte
1692 792 1984 870 benignae

281 877 574 956 Hospitis»,
614 875 746 953 illa,
785 877 998 954 duces,
1040 887 1273 957 raptum
1302 895 1455 957 quae
1497 877 1623 939 sola
1666 886 1967 958 parentem
2002 892 2009 896 ·
2194 887 2262 942 35

283 961 549 1023 Occului.
621 959 774 1034 Quid
810 961 987 1039 longa
1028 962 1196 1023 malis
1229 963 1473 1024 exordia
1516 959 1732 1026 necto?

282 1046 364 1108 Et
404 1063 512 1107 vos
556 1063 712 1107 arma
751 1056 964 1108 vocant
997 1048 1305 1126 magnique
1352 1048 1410 1108 in
1454 1047 1634 1109 corde
1679 1056 1935 1125 paratus.

281 1131 413 1193 Hoc
454 1143 811 1193 memorasse
850 1141 941 1194 sat
982 1142 1103 1193 est:
1152 1131 1312 1194 claro
1349 1140 1631 1209 generata
1673 1130 1958 1209 Thoante,

283 1215 598 1278 Servitium
635 1213 959 1295 Hypsipyle
1001 1217 1184 1277 vestri
1219 1216 1352 1277 fero
1401 1226 1571 1296 capta
1608 1216 1904 1294 Lycurgi!

406 1300 733 1361 Advertere
774 1302 1023 1377 animos,
1066 1300 1366 1381 maiorque
1411 1311 1470 1362 et
1508 1300 1730 1364 honora
1771 1300 1958 1376 videri
2195 1311 2265 1366 40

281 1384 513 1465 Parque
559 1385 726 1465 operi
763 1394 953 1453 tauto;
1000 1385 1220 1446 cunctis
1262 1396 1397 1447 tunc
1440 1404 1690 1447 noscere
1735 1403 1906 1448 casus

283 1469 463 1530 Ortus
504 1486 696 1545 amor,
745 1478 913 1549 pater
954 1478 1087 1534 ante
1129 1469 1281 1532 ,alios
1321 1470 1582 1534 hortatur
1624 1470 1930 1532 Adrastus,

414 1552 628 1613 ‘Immo
672 1572 816 1631 age,
863 1554 994 1616 dum
1034 1556 1204 1632 primi
1239 1554 1422 1633 alonge
1461 1555 1658 1634 damus
1701 1556 1927 1633 agmina
1969 1554 2152 1633 vulgi,

281 1637 416 1700 Nec
457 1638 647 1698 facilis
688 1636 912 1702 Nemee
953 1638 1100 1700 latas
1143 1638 1424 1700 evolvere
1465 1640 1642 1715 vires,

284 1723 522 1803 Quippe
566 1722 800 1784 obtenta
845 1724 1027 1783 comis
1068 1732 1127 1784 et
1166 1724 1552 1785 ineluctabilis
1601 1722 1825 1798 umbra,
2191 1735 2260 1789 45

281 1807 478 1869 Pande
514 1807 680 1869 nefas
726 1807 1047 1887 laudesque
1090 1817 1218 1868 tuas
1260 1810 1626 1888 gemitusque
1667 1816 1912 1884 tuorum,

283 1891 454 1953 Unde
497 1892 606 1953 hos
647 1891 924 1954 advenias
962 1909 1150 1970 reguo
1192 1892 1421 1955 deiecta
1464 1893 1720 1954 labores.

284 1975 478 2041 Dulce
520 1976 684 2056 loqui
722 1977 950 2040 miseris
994 1986 1351 2058 veteresque
1394 1977 1680 2038 reducere
1723 1982 2006 2054 questus?

417 2059 654 2142 Incipit:
694 2059 965 2139 ‘Aegaeo
997 2063 1281 2143 premitur
1323 2061 1652 2124 circumflua
1690 2060 1888 2122 Nereo

282 2145 570 2222 Lemnos,
612 2145 712 2206 uhi
750 2146 996 2225 ignifera
1037 2146 1229 2207 fessus
1277 2149 1527 2226 respirat
1561 2146 1632 2209 ab
1657 2144 1867 2208 'Aetna
2196 2157 2264 2211 50

282 2229 604 2300 Mulciber;
650 2232 867 2309 ingenti
906 2230 1178 2294 tellurem
1220 2233 1517 2311 proximus
1559 2230 1760 2292 umbra

283 2315 484 2376 Vestit
524 2314 712 2376 Athos
757 2333 1170 2396 nemorumque
1212 2316 1490 2379 obscurat
1533 2315 1783 2393 imagine
1829 2324 2081 2394 pontum.

289 2398 552 2461 Thraces
591 2408 753 2460 arant
788 2410 1008 2463 contra.
1095 2400 1381 2464 Thracum
1417 2401 1614 2464 fatalia
1655 2400 1823 2460 nobis

250 2483 515 2563 Litora,
562 2494 621 2544 et
657 2484 790 2546 inde
832 2484 1027 2553 nefas;
1074 2485 1324 2548 florebat
1361 2485 1525 2546 dives
1571 2485 1813 2546 alumnis

290 2568 508 2646 Terra,
553 2585 666 2630 nec
706 2569 806 2630 illa
847 2570 1021 2631 Samo
1061 2568 1213 2631 fama
1255 2569 1486 2630 Delove
1520 2570 1746 2632 sonanti
2197 2582 2266 2635 55

288 2652 466 2714 Peior
506 2662 566 2715 et
600 2654 908 2714 innumeris
953 2672 1096 2733 quas
1138 2654 1418 2733 spumifer
1457 2654 1641 2714 assilit
1683 2653 1911 2732 Aegon.
1950 2703 1971 2722 .

285 2736 397 2798 Dis
432 2739 617 2799 visum
658 2737 892 2800 turbare
938 2739 1179 2815 domos,
1219 2757 1330 2800 nec
1367 2748 1610 2818 pectora
1654 2739 1825 2818 culpa

288 2820 508 2883 Nostra
552 2832 790 2891 vacant;
835 2822 1025 2886 nullos
1068 2822 1291 2886 Veneri
1325 2824 1680 2886 sacravimus
1722 2826 1912 2902 igueS‚

287 2905 467 2967 Nulla
507 2906 655 2969 deae
698 2906 900 2977 sedes;
946 2916 1142 2970 movet
1184 2917 1243 2969 et
1276 2909 1573 2976 coelestius
1597 2909 1882 2988 quondam

293 2990 489 3053 Corda
532 2993 702 3053 dolor
744 2993 1021 3073 lentoque
1067 2994 1337 3073 inrepunt
1372 2994 1599 3071 agmine
1641 3010 1890 3073 poenae.
2016 3051 2021 3056 .
2201 3002 2270 3058 60

287 3075 402 3138 Illa
442 3076 681 3156 Paphon
716 3087 978 3140 veterem
1017 3087 1362 3158 centumque
1401 3078 1602 3142 altaria
1644 3079 1910 3159 linquens

288 3159 422 3222 Nec
464 3162 625 3223 vultu
663 3181 774 3223 uec
819 3164 975 3224 crine
1019 3165 1212 3242 prior,
1256 3163 1506 3228 solvisse
1550 3163 1802 3241 iugalem

295 3243 520 3306 Ceston
563 3256 621 3308 et
656 3247 868 3310 Idalias
911 3248 1117 3327 procul
1161 3247 1470 3327 ablegasse
1511 3248 1784 3312 volucres

293 3328 534 3400 Fertur;
581 3343 744 3393 erant
787 3342 979 3409 certe,
1025 3331 1216 3393 media
1255 3351 1403 3412 quae
1440 3334 1628 3396 noctis
1670 3334 1727 3392 in
1761 3330 1960 3392 umbra

296 3413 534 3496 Divam,
580 3417 729 3481 alios
767 3418 935 3497 ignes
961 3418 1308 3501 maioraque
1344 3417 1463 3482 tela
1501 3425 1825 3495 gerentem,
2202 3424 2271 3480 65
