2517 3909
269 92 349 153 74
933 102 999 150 Ρ.
1040 100 1311 151 PAan
1351 100 1585 151 STA‘rn

268 260 563 340 Planaque
606 256 881 320 Messene
923 266 1311 339 montanaque
1351 257 1528 319 nutrit
1569 255 1815 335 Ithome,

271 344 436 419 Quos
481 342 697 404 Thrion
738 353 798 404 et
838 344 1076 404 summis
1111 343 1400 421 ingestum
1441 342 1730 405 montibus
1771 341 1965 422 Aepy,
2171 355 2281 410 180

270 428 437 503 Quos
474 428 660 489 Helos
702 437 763 489 et
800 427 1075 505 Pteleon,
1122 426 1328 489 Getico
1373 443 1521 508 qnos
1558 426 1761 489 flebile
1804 431 1925 489 vati

266 512 523 583 Dorion;
568 512 665 574 hic
705 513 890 574 fretus
929 512 1395 584 doctasanteire
1434 512 1709 574 canendo·

266 597 532 659 Aonidas
566 605 756 659 mutos
802 597 1102 674 Thamyris
1144 597 1441 662 damnatus
1483 600 1542 659 in
1580 614 1763 658 annos

274 680 392 743 Ore
437 682 608 744 simul
654 683 991 762 citharaque
1032 716 1120 731 —⁴
1158 683 1288 761 quis
1333 682 1503 743 obvia
1538 683 1768 744 numina
1804 681 2059 745 temnat?
2099 719 2183 730 --

274 764 567 828 Conticuit
609 785 933 847 praeceps,
982 768 1078 847 qni
1119 784 1237 827 non
1285 768 1600 829 certamina
1640 766 1864 828 Phoebi
2164 779 2273 834 185

271 850 491 913 Nossct
536 860 596 913 et
633 851 910 913 inlustres
950 853 1161 929 Satyro
1203 853 1499 931 pendente
1543 850 1816 912 Celenas.

393 935 629 1016 Iamque
675 946 736 998 et
771 937 993 1000 fatidici
1035 955 1198 998 mens
1239 946 1570 1017 expugnata
1616 935 1838 998 fatiscit

272 1022 561 1100 Auguris3
610 1020 711 1082 ille
757 1021 986 1101 quidem
1031 1040 1202 1082 casus
1245 1031 1305 1081 et
1349 1022 1473 1083 dira
1512 1021 1750 1082 videbat

273 1108 486 1186 Signa,
533 1106 641 1167 sed
682 1108 807 1187 ipsa
849 1124 1016 1168 mann
1057 1108 1350 1168 cunctanti
1393 1108 1675 1168 iniecerat
1715 1124 1871 1167 arma

269 1192 538 1271 Atropos
582 1191 974 1271 obunci-atque
1009 1191 1207 1271 deum,
1251 1209 1366 1251 nec
1410 1192 1675 1268 coniugis
1714 1190 1921 1252 absunt
2172 1198 2286 1254 190

273 1275 525 1338 Insidiae
544 1322 562 1355 ,
599 1277 901 1355 vetitoque
946 1275 1149 1336 domus
1192 1277 1307 1336 iam
1347 1275 1601 1354 fulgurat
1637 1292 1800 1338 auro.

272 1360 405 1423 Hoc
448 1379 647 1422 aurum
688 1361 805 1422 vati
845 1360 964 1421 fata
1014 1360 1252 1422 exitiale
1287 1360 1600 1421 monebant

275 1445 594 1524 Argolic03
643 1446 754 1507 scit
797 1454 856 1506 et
896 1447 1029 1524 ipse
1070 1445 1270 1522 nefas,
1308 1445 1416 1506 sed
1459 1445 1683 1525 perlida
1728 1444 1943 1504 coniux

274 1530 446 1591 Dona
485 1532 612 1591 viro
653 1539 877 1591 mutare
922 1528 1098 1606 velit,
1144 1530 1471 1609 spoliisque
1514 1530 1770 1610 potentis

274 1615 519 1677 Inminet
558 1613 778 1694 Argiae
821 1623 1109 1695 raptoque
1155 1614 1460 1677 excellere
1507 1615 1683 1675 cultu.
1776 1643 1781 1648 ·
2168 1621 2280 1678 195

400 1698 508 1760 Illa
539 1700 729 1761 libens
771 1734 857 1746 —-
896 1717 1026 1760 nam
1063 1717 1268 1778 regum
1311 1701 1531 1761 animos
1572 1709 1635 1759 et
1671 1697 1933 1778 pondera
1970 1696 2114 1758 belli

275 1783 401 1846 Hac
439 1793 644 1847 nutare
681 1784 871 1861 videt,
913 1784 1136 1864 pariter
1173 1787 1232 1845 ni
1276 1784 1555 1864 providus
1597 1783 1775 1845 heros

149 1913 166 1934 ·.
277 1868 540 1946 llilitet,⁴
570 1904 653 1916 --
694 1871 821 1950 ipsa
859 1885 1064 1930 sacros
1105 1872 1333 1948 gremio
1376 1868 1670 1945 Polynicis
1712 1867 1883 1929 amati

275 1948 570 2076 Deppsuit
612 1972 797 2016 nexus
838 1954 988 2016 haud
1024 1963 1304 2056 moesta,
1334 1963 1508 2034 atque
1542 1955 1787 2055 insuper
1823 1951 2015 2053 addit:

279 2038 569 2203 Τθωᾷἶξέἒ
584 2040 760 2200 ,Ἓί
793 2037 1666 2203 Ἑζῖἒὲἑ““ρῗὲὲᾞὲὶιοῖἕὲἓίῗέ
1680 2045 1943 2183 ’effi’
2170 2048 2288 2102 ²⁰⁰

280 2208 367 2270 Te
404 2210 564 2269 sine:
610 2216 700 2270 sat
734 2206 965 2269 dubium
1003 2218 1176 2269 coetu
1215 2209 1446 2269 solante
1486 2210 1753 2269 timorem

275 2292 512 2355 Fallere
550 2302 610 2354 et
650 2292 902 2353 incultos
942 2293 1057 2355 aris
1101 2294 1419 2354 adverrere
1459 2293 1671 2354 crines.

279 2377 558 2456 Scilicet,
600 2377 713 2438 heu
756 2378 983 2457 superi!
1029 2379 1200 2458 quum
1242 2388 1304 2438 tu
1348 2378 1585 2439 eludare
1628 2378 1839 2438 minaci

280 2461 527 2523 Casside
568 2462 938 2543 ferratusque
973 2480 1183 2539 sones,
1231 2480 1346 2540 ego
1392 2463 1582 2524 divitis
1626 2479 1824 2523 aurum
2145 2470 2280 2526 ‘205

275 2545 623 2607 Harmoniae
670 2546 868 2608 dotale
904 2544 1144 2626 geram?
1181 2547 1345 2608 dabit
1383 2547 1575 2626 aptior
1611 2549 1721 2607 ista

276 2631 428 2694 Fors
473 2632 653 2709 deus»,
698 2631 1126 2712 Argolicasque
1171 2631 1367 2692 habitu
1412 2630 1727 2711 praestabo
1768 2631 2020 2706 maritae,

279 2716 469 2791 Quum
510 2718 672 2794 regis
717 2718 960 2793 coniux,
1004 2734 1174 2796 quum
1217 2725 1279 2776 te
1316 2716 1452 2778 mihi
1495 2716 1721 2794 sospite
1766 2713 1983 2794 templa

278 2801 507 2862 Votivis
555 2800 829 2881 inplenda
874 2800 1095 2868 choris3
1137 2818 1291 2860 nnnc
1330 2800 1525 2861 induat
1568 2799 1692 2876 illa,

280 2884 446 2961 Quae
485 2887 631 2966 petit
673 2894 736 2946 et
774 2884 1030 2945 bellante
1073 2892 1272 2964 potest
1306 2885 1566 2963 gaudere
1603 2885 1857 2945 marito?
1982 2925 1997 2940 .
2167 2896 2276 2949 210

407 2970 509 3031 Sic
545 2969 936 3050 Eriphylaeos
978 2986 1178 3043 aurum
1222 2970 1401 3031 fatale
1444 2979 1693 3049 penates

163 3103 170 3108 .
277 3056 503 3136 Inrupit
548 3054 957 3132 scelerumque
1004 3056 1257 3133 ingentia
1304 3056 1522 3114 semina
1569 3055 1767 3130 movit,

276 3138 376 3201 Et·
396 3158 579 3218 grave
619 3138 936 3218 Tisiphone
977 3141 1104 3199 risit
1139 3140 1344 3217 gavisa
1384 3138 1610 3198 futuris.

403 3225 718 3285 Taenareis
763 3223 858 3284 hic
903 3223 1097 3284 celsus
1140 3224 1341 3301 equis,
1388 3240 1558 3302 quam
1600 3222 1833 3302 dispare
1878 3230 2054 3283 coetu

283 3307 551 3386 Cyllarus
591 3309 795 3386 ignaro
838 3317 1147 3385 generarat
1192 3304 1441 3367 Castore
1478 3307 1729 3386 prolem,
2171 3316 2279 3370 215

272 3392 532 3469 ‚Quassat
568 3393 825 3463 humum;
871 3401 1062 3452 vatem
1105 3390 1261 3453 cultu
1303 3391 1609 3454 Parnassia
1648 3400 1967 3453 monstrant
