2517 3909
302 144 382 209 18
982 146 1043 200 Ρ.
1080 145 1359 200 PAPINII
1396 146 1640 202 STATII

293 288 493 369 Nate,
537 292 707 357 feres
754 291 1150 374 comitesque
1195 291 1408 356 modis
1454 292 1799 357 imitabere
1846 293 2041 380 fictis,
2224 314 2333 364 340

294 377 397 445 Ne
443 384 509 445 te
557 384 929 465 suspectum
975 380 1160 466 molli
1204 402 1342 446 non
1386 380 1661 446 misceat
1706 381 1891 447 aulae

293 468 535 534 Rector
581 474 647 535 et
692 469 935 553 incepti
978 457 1252 554 pereant
1297 470 1635 535 mendacia
1679 470 1880 536 furti?

293 556 475 623 Dicit
520 562 587 623 et
624 558 887 624 admoto
932 579 1064 623 non
1111 561 1327 623 cessat
1372 580 1626 623 comere
1672 562 1872 625 tactu.

295 644 403 712 Sic
448 648 561 712 ubi
605 647 916 734 virgineis
959 646 1210 713 Hecate
1253 648 1501 712 lassata
1545 647 1906 734 Therapnis

293 734 402 818 Ad
444 739 699 822 patrem
742 736 1141 822 fratremque
1187 736 1384 821 redit,
1429 758 1644 801 comes
1690 737 1919 802 haeret
1963 739 2144 804 eunti
2222 756 2328 807 345

292 811 505 890 Mater
551 829 619 891 et
660 825 809 910 ipsa
852 846 1112 890 umeros
1159 829 1507 910 exertaque
1552 826 1820 892 brachia
1863 826 2071 912 velat3

291 914 447 999 Ipsa
493 938 716 981 arcum
758 914 1225 999 pharetrasque
1271 913 1449 980 locat
1492 918 1866 1000 vestemque
1912 916 2228 983 latentem

290 1006 573 1072 Deducit
618 1025 1009 1090 sparsosque
1054 1006 1266 1068 tumet
1311 1024 1697 1088 componere
1743 1005 1970 1070 crines.

469 1094 781 1160 Protinus
820 1092 1199 1180 aggreditur
1232 1112 1456 1177 regem
1503 1096 1699 1178 atque
1744 1094 1840 1159 ibi
1874 1094 2179 1160 testibus
2193 1094 2326 1161 aris

294 1184 503 1250 ‘Hanc
547 1183 696 1248 tibi'
745 1183 858 1268 ait,
896 1181 1130 1249 ‘nostri
1165 1200 1562 1267 germanam,
1606 1185 1837 1267 rector,
1879 1182 2163 1249 Achillis
2220 1199 2328 1250 350

292 1271 556 1359 (Nonne
602 1271 809 1356 vides,
854 1275 928 1337 ut
969 1273 1163 1336 torva
1211 1291 1414 1356 genas
1463 1272 1925 1357 aequandaque
1970 1271 2237 1360 fratri?)

292 1362 662 1427 Tradimus·
710 1381 891 1426 arma
936 1359 1177 1426 umeris
1226 1381 1574 1444 arcumque
1620 1362 1916 1426 animosa
1958 1362 2229 1445 petebat

289 1451 485 1516 Ferre
532 1453 599 1514 et
641 1450 998 1515 Amazonio
1047 1447 1326 1514 conubia
1370 1449 1612 1533 pellere
1656 1450 1807 1514 ritu.

291 1538 418 1605 Sed
462 1539 626 1603 mihi
672 1561 971 1604 curarum
1018 1536 1180 1601 satis
1228 1540 1329 1601 est
1371 1559 1491 1622 pro
1540 1538 1745 1623 stirpe
1791 1538 1993 1604 virili:

288 1628 471 1694 Haec
517 1628 812 1694 calathos
860 1631 927 1694 et
972 1648 1159 1694 sacra
1203 1626 1403 1710 ferat,
1445 1629 1521 1692 tu
1565 1626 1797 1713 frange
1842 1628 2127 1712 regendo
2218 1644 2328 1695 355

288 1716 642 1783 Indocilem
689 1739 971 1802 sexuque
1015 1720 1192 1799 tene,
1238 1716 1393 1779 dum
1437 1715 1683 1782 nubilis
1731 1720 1912 1781 aetas

290 1805 775 1892 Solvendusque
820 1805 1062 1891 pudor3
1106 1825 1270 1870 neve
1318 1825 1613 1870 exercere
1658 1809 1999 1889 protervas

288 1895 662 1981 Gymnadas
710 1900 823 1961 aut
868 1896 1098 1961 lustris
1143 1915 1483 1960 nemorum
1529 1895 1806 1960 concede
1850 1895 2095 1980 vagari.

285 1985 472 2051 Intus
519 1986 622 2050 ale
669 1990 735 2050 et
780 1985 1023 2050 similes
1069 1985 1241 2049 inter
1287 1982 1543 2047 seclude
1587 1983 1866 2068 puellas;

287 2074 509 2139 Litore
553 2074 900 2158 praecipue
945 2076 1265 2157 portuque
1312 2093 1528 2137 arcere
1575 2077 1918 2137 memento.
2215 2090 2323 2141 360

285 2162 530 2227 Vidisti
575 2163 768 2227 modo
812 2162 962 2228 vela
1006 2161 1370 2247 Phrygum:
1414 2160 1549 2225 iam
1594 2165 1822 2226 mutua
1867 2160 2012 2226 iura

288 2252 547 2317 Fallere
594 2251 1013 2317 transmissae
1060 2250 1295 2353 pelago
1344 2250 1623 2315 didicere
1671 2248 1972 2317 carinae?

465 2341 738 2407 Accedit
783 2339 973 2405 dictis
1018 2343 1206 2424 pater
1250 2340 1640 2426 ingenioque
1684 2340 1976 2424 parentis

427 2535 481 2571 v.
520 2520 642 2570 344.
688 2515 995 2571 Lactant.
1034 2514 1107 2569 ad
1145 2513 1323 2569 Theb.
1359 2513 1441 2568 III
1475 2518 1579 2567 422
1617 2532 1670 2584 p.
1709 2519 1811 2569 102
1849 2512 2036 2569 Lind.:
2079 2515 2169 2569 ‘ut
2194 2515 2319 2585 ipse

286 2586 452 2642 alibi:
489 2586 704 2641 Hecate
740 2586 863 2655 (om.
891 2585 958 2640 L.
999 2588 1155 2641 ecate
1191 2587 1310 2641 cod.
1342 2586 1527 2642 Paris.
1557 2589 1711 2641 8063
1748 2587 1947 2641 echate
1975 2586 2091 2642 cod.
2125 2586 2322 2644 Paris.

284 2662 460 2728 8064)
493 2657 707 2713 lassata
741 2657 1055 2728 Therapnis
1092 2657 1444 2728 (Theramnis
1479 2657 1594 2726 L.)'

427 2806 534 2856 340
568 2816 755 2855 versus
789 2800 855 2855 in
890 2805 1051 2869 Gpr
1081 2816 1152 2855 m.
1182 2800 1426 2869 omissa-3,
1463 2799 1937 2869 sedimapayima
1965 2799 2154 2854 adseri
2143 2801 2322 2885 ptusss

282 2878 387 2927 343
425 2871 581 2927 Dicit
615 2876 662 2924 Δ
696 2877 736 2924 1.
772 2871 931 2927 Dixit
966 2877 1022 2924 Π
1072 2874 1081 2939 Ι
1130 2869 1306 2925 distat
1349 2886 1567 2926 comere
1604 2875 1645 2922 P
1689 2871 1710 2940 ΙΙ
1763 2876 1869 2925 344
1915 2869 2233 2940 therapinis
2274 2876 2320 2923 P

281 2943 561 3014 pharetris
599 2944 774 3011 ceteri,
811 2959 949 3000 corr.
994 2943 1462 2998 Mitscherlichius
1496 2941 1705 3007 (Hom.
1726 2943 1914 3012 hymn.
1961 2942 2026 2996 in
2076 2939 2320 2998 Cererem

274 3033 336 3086 Ρ.
375 3017 485 3071 147
508 3031 604 3085 sqq
606 3019 647 3083 .)
680 2985 894 3071 sec'utus
919 3014 1081 3069 schol.
1111 3015 1187 3069 ad
1218 3008 1380 3068 Theb.
1411 3014 1541 3074 III
1561 3016 1696 3083 422,
1729 3014 1828 3083 qui
1861 3018 2112 3069 nostrum
2140 3014 2321 3069 locum

281 3087 534 3156 respexit.
594 3084 677 3155 ΟΥ.
711 3087 911 3141 Philol.
946 3083 1245 3139 XXXIV
1267 3102 1328 3153 Ρ.
1354 3089 1465 3140 484
1490 3101 1545 3139 n.
1568 3088 1648 3140 26
1673 3056 1696 3154 ΙῙ
1721 3091 1825 3140 347
1853 3084 1986 3155 Ipsa
2011 3100 2150 3139 arcu
2175 3085 2316 3156 pha-

286 3160 546 3228 retraque
572 3158 728 3214 levat
745 3158 1084 3213 Selii-aderas
1114 3158 1123 3226 Ι
1154 3157 1479 3226 vestemque
1514 3156 1788 3211 latentem
1814 3162 1857 3209 P
1882 3102 2137 3225 pvestesq
2138 3173 2208 3210 ue
2236 3156 2319 3211 la-

282 3231 468 3285 tentes
506 3231 667 3285 cetcri
697 3228 705 3301 Ι
736 3229 971 3285 fluentes
1008 3227 1258 3283 Kochius
1284 3230 1305 3297 ΙΙ
1340 3233 1444 3282 348
1489 3229 1675 3282 tumet
1718 3228 2141 3283 emendaverunt
2177 3227 2321 3283 Gro-

281 3302 481 3357 novius
518 3301 787 3357 Heinsius
834 3300 1099 3355 Menkius
1133 3298 1303 3354 timet
1327 3304 1368 3351 P
1394 3297 1550 3355 Leia.
1600 3299 1788 3354 studet
1824 3300 1986 3353 ceteri
2025 3298 2034 3370 Ι
2083 3297 2319 3354 Diducit

282 3386 652 3443 sparsumque
686 3373 871 3427 tumet
907 3387 1238 3442 componere
1278 3369 1487 3426 crinem
1514 3369 1784 3426 Heinsius
1829 3371 1849 3439 ΙΙ
1893 3375 1996 3425 351
2036 3386 2203 3425 cenas
2240 3375 2280 3423 P
2297 3369 2320 3443 Η

282 3450 387 3500 356
425 3461 668 3513 sexuque
704 3448 865 3510 PPcp
902 3459 1201 3513 sexumque
1238 3441 1374 3495 (ΡΠ
1405 3443 1414 3514 1
1445 3447 1549 3497 357
1588 3457 1844 3498 exercere
1882 3443 2139 3497 catervas
2173 3447 2216 3494 P
