<?xml version="1.0" encoding="UTF-8"?>
<!DOCTYPE html PUBLIC "-//W3C//DTD XHTML 1.0 Transitional//EN"
    "http://www.w3.org/TR/xhtml1/DTD/xhtml1-transitional.dtd">
<html xmlns="http://www.w3.org/1999/xhtml" xml:lang="en" lang="en">
 <head>
  <title>
</title>
<meta http-equiv="Content-Type" content="text/html;charset=utf-8" />
  <meta name='ocr-system' content='tesseract 3.04.00' />
  <meta name='ocr-capabilities' content='ocr_page ocr_carea ocr_par ocr_line ocrx_word'/>
</head>
<body>
  <div class='ocr_page' id='page_1' title='image "./ppapiniusstatiu00placgoog_0530.png"; bbox 0 0 2517 3909; ppageno 0'>
   <div class='ocr_carea' id='block_1_1' title="bbox 355 112 1689 179">
    <p class='ocr_par' dir='ltr' id='par_1_1' title="bbox 355 112 1689 179">
     <span class='ocr_line' id='line_1_1' title="bbox 355 112 1689 179; baseline 0.002 -4"><span class='ocrx_word' id='word_1_1' title='bbox 355 112 478 176; x_wconf 83' lang='lat'><strong>230</strong></span> <span class='ocrx_word' id='word_1_2' title='bbox 1037 129 1103 178; x_wconf 84' lang='lat' dir='ltr'><strong>P.</strong></span> <span class='ocrx_word' id='word_1_3' title='bbox 1143 128 1414 177; x_wconf 61' lang='lat' dir='ltr'><strong>Parnm</strong></span> <span class='ocrx_word' id='word_1_4' title='bbox 1455 128 1689 179; x_wconf 70' lang='lat' dir='ltr'><strong>snm</strong></span> 
     </span>
    </p>
   </div>
   <div class='ocr_carea' id='block_1_2' title="bbox 346 281 2451 3497">
    <p class='ocr_par' dir='ltr' id='par_1_2' title="bbox 346 281 2451 3497">
     <span class='ocr_line' id='line_1_2' title="bbox 350 281 1851 364; baseline 0.001 -21"><span class='ocrx_word' id='word_1_5' title='bbox 350 281 552 343; x_wconf 80' lang='lat' dir='ltr'>Amnis</span> <span class='ocrx_word' id='word_1_6' title='bbox 595 291 655 343; x_wconf 94' lang='lat' dir='ltr'><strong>ut</strong></span> <span class='ocrx_word' id='word_1_7' title='bbox 698 281 1034 344; x_wconf 75' lang='lat' dir='ltr'><strong>incumbens</strong></span> <span class='ocrx_word' id='word_1_8' title='bbox 1075 284 1352 363; x_wconf 72' lang='lat' dir='ltr'><strong>longaevi</strong></span> <span class='ocrx_word' id='word_1_9' title='bbox 1393 283 1614 345; x_wconf 83' lang='lat' dir='ltr'><strong>robora</strong></span> <span class='ocrx_word' id='word_1_10' title='bbox 1655 284 1851 364; x_wconf 78' lang='lat' dir='ltr'><strong>pontis</strong></span> 
     </span>
     <span class='ocr_line' id='line_1_3' title="bbox 349 366 2354 447; baseline 0.004 -19"><span class='ocrx_word' id='word_1_11' title='bbox 349 366 622 429; x_wconf 88' lang='lat' dir='ltr'><strong>Assiduis</strong></span> <span class='ocrx_word' id='word_1_12' title='bbox 665 377 961 447; x_wconf 84' lang='lat' dir='ltr'><strong>oppugnat</strong></span> <span class='ocrx_word' id='word_1_13' title='bbox 997 369 1194 447; x_wconf 87' lang='lat' dir='ltr'><strong>aquis,</strong></span> <span class='ocrx_word' id='word_1_14' title='bbox 1230 371 1345 430; x_wconf 80' lang='lat' dir='ltr'><strong>iam</strong></span> <span class='ocrx_word' id='word_1_15' title='bbox 1387 384 1531 431; x_wconf 90' lang='lat' dir='ltr'><strong>saxa</strong></span> <span class='ocrx_word' id='word_1_16' title='bbox 1566 370 1836 430; x_wconf 76' lang='lat' dir='ltr'><strong>fatiscunt</strong></span> <span class='ocrx_word' id='word_1_17' title='bbox 2259 381 2354 436; x_wconf 79' lang='lat'><strong>865</strong></span> 
     </span>
     <span class='ocr_line' id='line_1_4' title="bbox 348 451 1712 532; baseline 0.001 -20"><span class='ocrx_word' id='word_1_18' title='bbox 348 451 713 532; x_wconf 89' lang='lat' dir='ltr'><strong>Emotaeque</strong></span> <span class='ocrx_word' id='word_1_19' title='bbox 757 452 987 523; x_wconf 85' lang='lat' dir='ltr'><strong>trabes;</strong></span> <span class='ocrx_word' id='word_1_20' title='bbox 1030 463 1190 515; x_wconf 78' lang='lat' dir='ltr'><strong>tanto</strong></span> <span class='ocrx_word' id='word_1_21' title='bbox 1231 454 1547 516; x_wconf 79' lang='lat' dir='ltr'><strong>violentior</strong></span> <span class='ocrx_word' id='word_1_22' title='bbox 1587 454 1712 530; x_wconf 91' lang='lat' dir='ltr'><strong>ille,</strong></span> 
     </span>
     <span class='ocr_line' id='line_1_5' title="bbox 351 536 1958 620; baseline 0.001 -24"><span class='ocrx_word' id='word_1_23' title='bbox 351 536 551 597; x_wconf 88' lang='lat' dir='ltr'><strong>Saevit</strong></span> <span class='ocrx_word' id='word_1_24' title='bbox 596 538 749 598; x_wconf 86' lang='lat' dir='ltr'><strong>enim</strong></span> <span class='ocrx_word' id='word_1_25' title='bbox 790 540 1012 599; x_wconf 83' lang='lat' dir='ltr'><strong>maiore</strong></span> <span class='ocrx_word' id='word_1_26' title='bbox 1055 537 1221 615; x_wconf 88' lang='lat' dir='ltr'><strong>salo,</strong></span> <span class='ocrx_word' id='word_1_27' title='bbox 1270 548 1624 620; x_wconf 74' lang='lat' dir='ltr'><strong>quassatque</strong></span> <span class='ocrx_word' id='word_1_28' title='bbox 1665 536 1958 617; x_wconf 84' lang='lat' dir='ltr'><strong>trahitque</strong></span> 
     </span>
     <span class='ocr_line' id='line_1_6' title="bbox 351 619 2046 700; baseline 0 -18"><span class='ocrx_word' id='word_1_29' title='bbox 351 619 569 683; x_wconf 79' lang='lat' dir='ltr'><strong>Molem</strong></span> <span class='ocrx_word' id='word_1_30' title='bbox 616 640 879 700; x_wconf 88' lang='lat' dir='ltr'><strong>aegram,</strong></span> <span class='ocrx_word' id='word_1_31' title='bbox 923 639 1110 684; x_wconf 85' lang='lat' dir='ltr'><strong>nexus</strong></span> <span class='ocrx_word' id='word_1_32' title='bbox 1151 624 1348 685; x_wconf 83' lang='lat' dir='ltr'><strong>donec</strong></span> <span class='ocrx_word' id='word_1_33' title='bbox 1388 624 1553 685; x_wconf 86' lang='lat' dir='ltr'><strong>celer</strong></span> <span class='ocrx_word' id='word_1_34' title='bbox 1593 623 1798 684; x_wconf 73' lang='lat' dir='ltr'><strong>alveus</strong></span> <span class='ocrx_word' id='word_1_35' title='bbox 1842 638 2046 683; x_wconf 85' lang='lat' dir='ltr'><strong>omnes</strong></span> 
     </span>
     <span class='ocr_line' id='line_1_7' title="bbox 350 705 1753 788; baseline 0 -21"><span class='ocrx_word' id='word_1_36' title='bbox 350 705 650 785; x_wconf 80' lang='lat' dir='ltr'><strong>Abscidit,</strong></span> <span class='ocrx_word' id='word_1_37' title='bbox 690 718 749 768; x_wconf 90' lang='lat' dir='ltr'><strong>et</strong></span> <span class='ocrx_word' id='word_1_38' title='bbox 792 722 967 768; x_wconf 89' lang='lat' dir='ltr'><strong>cursu</strong></span> <span class='ocrx_word' id='word_1_39' title='bbox 997 708 1190 770; x_wconf 84' lang='lat' dir='ltr'><strong>victor</strong></span> <span class='ocrx_word' id='word_1_40' title='bbox 1229 710 1486 788; x_wconf 89' lang='lat' dir='ltr'><strong>respirat</strong></span> <span class='ocrx_word' id='word_1_41' title='bbox 1521 716 1753 788; x_wconf 81' lang='lat' dir='ltr'><strong>aperto.</strong></span> 
     </span>
     <span class='ocr_line' id='line_1_8' title="bbox 475 791 2357 871; baseline 0.002 -18"><span class='ocrx_word' id='word_1_42' title='bbox 475 791 671 871; x_wconf 89' lang='lat' dir='ltr'><strong>thue</strong></span> <span class='ocrx_word' id='word_1_43' title='bbox 712 793 894 871; x_wconf 88' lang='lat' dir='ltr'><strong>petita</strong></span> <span class='ocrx_word' id='word_1_44' title='bbox 928 792 1025 854; x_wconf 89' lang='lat' dir='ltr'><strong>diu</strong></span> <span class='ocrx_word' id='word_1_45' title='bbox 1070 792 1268 854; x_wconf 90' lang='lat' dir='ltr'><strong>celsus</strong></span> <span class='ocrx_word' id='word_1_46' title='bbox 1309 792 1542 870; x_wconf 84' lang='lat' dir='ltr'><strong>fastigia</strong></span> <span class='ocrx_word' id='word_1_47' title='bbox 1582 806 1764 871; x_wconf 83' lang='lat' dir='ltr'><strong>snpra</strong></span> <span class='ocrx_word' id='word_1_48' title='bbox 2259 801 2357 857; x_wconf 83' lang='grc'><strong>870</strong></span> 
     </span>
     <span class='ocr_line' id='line_1_9' title="bbox 349 875 1938 956; baseline -0.001 -18"><span class='ocrx_word' id='word_1_49' title='bbox 349 875 601 938; x_wconf 79' lang='lat' dir='ltr'><strong>Eminuit</strong></span> <span class='ocrx_word' id='word_1_50' title='bbox 636 877 1037 956; x_wconf 86' lang='lat' dir='ltr'><strong>trepidamque</strong></span> <span class='ocrx_word' id='word_1_51' title='bbox 1078 895 1397 956; x_wconf 81' lang='lat' dir='ltr'><strong>assurgens</strong></span> <span class='ocrx_word' id='word_1_52' title='bbox 1438 877 1697 956; x_wconf 78' lang='lat' dir='ltr'><strong>desuper</strong></span> <span class='ocrx_word' id='word_1_53' title='bbox 1734 875 1938 937; x_wconf 89' lang='lat' dir='ltr'><strong>urbem</strong></span> 
     </span>
     <span class='ocr_line' id='line_1_10' title="bbox 347 960 1742 1040; baseline -0.001 -18"><span class='ocrx_word' id='word_1_54' title='bbox 347 961 509 1023; x_wconf 86' lang='lat' dir='ltr'><strong>Vidit</strong></span> <span class='ocrx_word' id='word_1_55' title='bbox 553 970 611 1023; x_wconf 89' lang='lat' dir='ltr'><strong>et</strong></span> <span class='ocrx_word' id='word_1_56' title='bbox 653 961 874 1040; x_wconf 77' lang='lat' dir='ltr'><strong>ingenti</strong></span> <span class='ocrx_word' id='word_1_57' title='bbox 920 961 1153 1024; x_wconf 77' lang='lat' dir='ltr'>Thebas</span> <span class='ocrx_word' id='word_1_58' title='bbox 1194 962 1478 1024; x_wconf 85' lang='lat' dir='ltr'><strong>exterruit</strong></span> <span class='ocrx_word' id='word_1_59' title='bbox 1518 960 1742 1037; x_wconf 87' lang='lat' dir='ltr'><strong>umbra,</strong></span> 
     </span>
     <span class='ocr_line' id='line_1_11' title="bbox 348 1045 1985 1126; baseline -0.002 -19"><span class='ocrx_word' id='word_1_60' title='bbox 348 1045 624 1126; x_wconf 86' lang='lat' dir='ltr'><strong>Increpat</strong></span> <span class='ocrx_word' id='word_1_61' title='bbox 662 1046 965 1107; x_wconf 85' lang='lat' dir='ltr'><strong>attonitos:</strong></span> <span class='ocrx_word' id='word_1_62' title='bbox 1005 1047 1364 1108; x_wconf 72' lang='lat' dir='ltr'><strong>‘Humilesne</strong></span> <span class='ocrx_word' id='word_1_63' title='bbox 1401 1045 1746 1126; x_wconf 75' lang='lat' dir='ltr'><strong>Arnphionis</strong></span> <span class='ocrx_word' id='word_1_64' title='bbox 1789 1063 1985 1121; x_wconf 86' lang='lat' dir='ltr'><strong>arces,</strong></span> 
     </span>
     <span class='ocr_line' id='line_1_12' title="bbox 349 1130 1987 1212; baseline -0.002 -19"><span class='ocrx_word' id='word_1_65' title='bbox 349 1130 464 1193; x_wconf 88' lang='lat' dir='ltr'><strong>Pro</strong></span> <span class='ocrx_word' id='word_1_66' title='bbox 509 1130 728 1212; x_wconf 85' lang='lat' dir='ltr'><strong>pudor!</strong></span> <span class='ocrx_word' id='word_1_67' title='bbox 773 1130 832 1191; x_wconf 91' lang='lat' dir='ltr'><strong>hi</strong></span> <span class='ocrx_word' id='word_1_68' title='bbox 868 1130 1075 1193; x_wconf 84' lang='lat' dir='ltr'><strong>faciles</strong></span> <span class='ocrx_word' id='word_1_69' title='bbox 1122 1149 1474 1211; x_wconf 84' lang='lat' dir='ltr'><strong>carmenque</strong></span> <span class='ocrx_word' id='word_1_70' title='bbox 1514 1130 1735 1192; x_wconf 80' lang='lat' dir='ltr'><strong>inbelle</strong></span> <span class='ocrx_word' id='word_1_71' title='bbox 1773 1130 1987 1206; x_wconf 82' lang='lat' dir='ltr'><strong>secuti,</strong></span> 
     </span>
     <span class='ocr_line' id='line_1_13' title="bbox 349 1212 2354 1293; baseline 0.001 -16"><span class='ocrx_word' id='word_1_72' title='bbox 349 1213 426 1277; x_wconf 89' lang='lat' dir='ltr'><strong>Et</strong></span> <span class='ocrx_word' id='word_1_73' title='bbox 470 1216 707 1278; x_wconf 86' lang='lat' dir='ltr'><strong>mentita</strong></span> <span class='ocrx_word' id='word_1_74' title='bbox 746 1215 841 1277; x_wconf 84' lang='lat' dir='ltr'><strong>diu</strong></span> <span class='ocrx_word' id='word_1_75' title='bbox 885 1215 1212 1278; x_wconf 88' lang='lat' dir='ltr'><strong>Thebarum</strong></span> <span class='ocrx_word' id='word_1_76' title='bbox 1252 1215 1483 1293; x_wconf 79' lang='lat' dir='ltr'><strong>fabula,</strong></span> <span class='ocrx_word' id='word_1_77' title='bbox 1525 1212 1714 1276; x_wconf 81' lang='lat' dir='ltr'><strong>muri?</strong></span> <span class='ocrx_word' id='word_1_78' title='bbox 2253 1224 2354 1280; x_wconf 78' lang='lat'><strong>875</strong></span> 
     </span>
     <span class='ocr_line' id='line_1_14' title="bbox 350 1298 1978 1381; baseline -0.002 -19"><span class='ocrx_word' id='word_1_79' title='bbox 350 1299 429 1363; x_wconf 89' lang='lat' dir='ltr'><strong>Et</strong></span> <span class='ocrx_word' id='word_1_80' title='bbox 471 1301 737 1381; x_wconf 85' lang='lat' dir='ltr'><strong>quidnam</strong></span> <span class='ocrx_word' id='word_1_81' title='bbox 778 1304 1079 1377; x_wconf 84' lang='lat' dir='ltr'><strong>egregium</strong></span> <span class='ocrx_word' id='word_1_82' title='bbox 1124 1310 1507 1381; x_wconf 77' lang='lat' dir='ltr'><strong>prosternere</strong></span> <span class='ocrx_word' id='word_1_83' title='bbox 1542 1301 1774 1362; x_wconf 84' lang='lat' dir='ltr'><strong>moenia</strong></span> <span class='ocrx_word' id='word_1_84' title='bbox 1813 1298 1978 1360; x_wconf 77' lang='lat' dir='ltr'><strong>molli</strong></span> 
     </span>
     <span class='ocr_line' id='line_1_15' title="bbox 351 1383 2132 1464; baseline -0.001 -17"><span class='ocrx_word' id='word_1_85' title='bbox 351 1387 583 1448; x_wconf 86' lang='lat' dir='ltr'><strong>Structa</strong></span> <span class='ocrx_word' id='word_1_86' title='bbox 625 1383 834 1460; x_wconf 74' lang='lat' dir='ltr'><strong>lyra‘I&#39;</strong></span> <span class='ocrx_word' id='word_1_87' title='bbox 918 1385 1100 1446; x_wconf 82' lang='lat' dir='ltr'><strong>Simul</strong></span> <span class='ocrx_word' id='word_1_88' title='bbox 1143 1385 1425 1446; x_wconf 80' lang='lat' dir='ltr'><strong>insultans</strong></span> <span class='ocrx_word' id='word_1_89' title='bbox 1466 1402 1800 1464; x_wconf 85' lang='lat' dir='ltr'><strong>gressuque</strong></span> <span class='ocrx_word' id='word_1_90' title='bbox 1838 1401 2132 1464; x_wconf 78' lang='lat' dir='ltr'><strong>manuque</strong></span> 
     </span>
     <span class='ocr_line' id='line_1_16' title="bbox 348 1468 2447 1609; baseline -0.001 -78"><span class='ocrx_word' id='word_1_91' title='bbox 348 1468 606 1531; x_wconf 78' lang='lat' dir='ltr'><strong>Molibus</strong></span> <span class='ocrx_word' id='word_1_92' title='bbox 650 1469 950 1530; x_wconf 71' lang='lat' dir='ltr'><strong>obstantes</strong></span> <span class='ocrx_word' id='word_1_93' title='bbox 992 1487 1215 1531; x_wconf 91' lang='lat' dir='ltr'><strong>cuneos</strong></span> <span class='ocrx_word' id='word_1_94' title='bbox 1253 1469 1629 1549; x_wconf 78' lang='lat' dir='ltr'><strong>tabulataque</strong></span> <span class='ocrx_word' id='word_1_95' title='bbox 1674 1487 1888 1531; x_wconf 82' lang='lat' dir='ltr'><strong>saevus</strong></span> <span class='ocrx_word' id='word_1_96' title='bbox 2445 1468 2447 1609; x_wconf 37' lang='lat'><strong>¹</strong></span> 
     </span>
     <span class='ocr_line' id='line_1_17' title="bbox 349 1553 1907 1635; baseline -0.001 -20"><span class='ocrx_word' id='word_1_97' title='bbox 349 1553 645 1621; x_wconf 80' lang='lat' dir='ltr'><strong>Destruit:</strong></span> <span class='ocrx_word' id='word_1_98' title='bbox 692 1553 968 1614; x_wconf 86' lang='lat' dir='ltr'><strong>absiliunt</strong></span> <span class='ocrx_word' id='word_1_99' title='bbox 1007 1564 1255 1634; x_wconf 90' lang='lat' dir='ltr'><strong>pontes,</strong></span> <span class='ocrx_word' id='word_1_100' title='bbox 1302 1556 1562 1635; x_wconf 81' lang='lat' dir='ltr'><strong>tectique</strong></span> <span class='ocrx_word' id='word_1_101' title='bbox 1604 1555 1907 1615; x_wconf 86' lang='lat' dir='ltr'><strong>trementis</strong></span> 
     </span>
     <span class='ocr_line' id='line_1_18' title="bbox 351 1616 2449 1759; baseline 0 -58"><span class='ocrx_word' id='word_1_102' title='bbox 351 1640 546 1701; x_wconf 86' lang='lat' dir='ltr'><strong>Saxea</strong></span> <span class='ocrx_word' id='word_1_103' title='bbox 588 1638 752 1699; x_wconf 83' lang='lat' dir='ltr'><strong>frena</strong></span> <span class='ocrx_word' id='word_1_104' title='bbox 795 1637 1023 1715; x_wconf 88' lang='lat' dir='ltr'><strong>labant,</strong></span> <span class='ocrx_word' id='word_1_105' title='bbox 1062 1641 1447 1719; x_wconf 85' lang='lat' dir='ltr'><strong>disseptoque</strong></span> <span class='ocrx_word' id='word_1_106' title='bbox 1488 1656 1713 1718; x_wconf 78' lang='lat' dir='ltr'><strong>aggere</strong></span> <span class='ocrx_word' id='word_1_107' title='bbox 1757 1656 1958 1699; x_wconf 86' lang='lat' dir='ltr'><strong>rursus</strong></span> <span class='ocrx_word' id='word_1_108' title='bbox 2258 1647 2358 1702; x_wconf 80' lang='lat'><strong>880</strong></span> <span class='ocrx_word' id='word_1_109' title='bbox 2446 1616 2449 1759; x_wconf 33' lang='lat' dir='ltr'><strong>l</strong></span> 
     </span>
     <span class='ocr_line' id='line_1_19' title="bbox 348 1723 1870 1804; baseline -0.001 -19"><span class='ocrx_word' id='word_1_110' title='bbox 348 1723 542 1786; x_wconf 88' lang='lat' dir='ltr'><strong>Utitur</strong></span> <span class='ocrx_word' id='word_1_111' title='bbox 585 1732 644 1783; x_wconf 87' lang='lat' dir='ltr'><strong>et</strong></span> <span class='ocrx_word' id='word_1_112' title='bbox 687 1732 920 1784; x_wconf 87' lang='lat' dir='ltr'><strong>truncas</strong></span> <span class='ocrx_word' id='word_1_113' title='bbox 961 1742 1143 1804; x_wconf 90' lang='lat' dir='ltr'><strong>rupes</strong></span> <span class='ocrx_word' id='word_1_114' title='bbox 1183 1726 1241 1785; x_wconf 90' lang='lat' dir='ltr'><strong>in</strong></span> <span class='ocrx_word' id='word_1_115' title='bbox 1284 1724 1504 1804; x_wconf 86' lang='lat' dir='ltr'><strong>templa</strong></span> <span class='ocrx_word' id='word_1_116' title='bbox 1547 1724 1870 1804; x_wconf 86' lang='lat' dir='ltr'><strong>domosque</strong></span> 
     </span>
     <span class='ocr_line' id='line_1_20' title="bbox 347 1780 2451 1888; baseline -0.002 -17"><span class='ocrx_word' id='word_1_117' title='bbox 347 1809 702 1888; x_wconf 87' lang='lat' dir='ltr'><strong>Praecipitat</strong></span> <span class='ocrx_word' id='word_1_118' title='bbox 738 1808 1070 1888; x_wconf 81' lang='lat' dir='ltr'><strong>frangitque</strong></span> <span class='ocrx_word' id='word_1_119' title='bbox 1112 1810 1232 1870; x_wconf 85' lang='lat' dir='ltr'><strong>suis</strong></span> <span class='ocrx_word' id='word_1_120' title='bbox 1275 1809 1388 1870; x_wconf 88' lang='lat' dir='ltr'><strong>iam</strong></span> <span class='ocrx_word' id='word_1_121' title='bbox 1429 1807 1730 1870; x_wconf 89' lang='lat' dir='ltr'><strong>moenibus</strong></span> <span class='ocrx_word' id='word_1_122' title='bbox 1774 1807 1996 1868; x_wconf 86' lang='lat' dir='ltr'><strong>urbem.</strong></span> <span class='ocrx_word' id='word_1_123' title='bbox 2449 1780 2451 1843; x_wconf 45' lang='lat'>¹</span> 
     </span>
     <span class='ocr_line' id='line_1_21' title="bbox 478 1891 2062 1972; baseline -0.001 -17"><span class='ocrx_word' id='word_1_124' title='bbox 478 1892 717 1972; x_wconf 88' lang='lat' dir='ltr'><strong>Iamque</strong></span> <span class='ocrx_word' id='word_1_125' title='bbox 762 1892 966 1955; x_wconf 87' lang='lat' dir='ltr'><strong>Iovem</strong></span> <span class='ocrx_word' id='word_1_126' title='bbox 1009 1894 1168 1955; x_wconf 87' lang='lat' dir='ltr'><strong>circa</strong></span> <span class='ocrx_word' id='word_1_127' title='bbox 1208 1893 1413 1955; x_wconf 87' lang='lat' dir='ltr'><strong>studiis</strong></span> <span class='ocrx_word' id='word_1_128' title='bbox 1456 1894 1690 1956; x_wconf 87' lang='lat' dir='ltr'><strong>diversa</strong></span> <span class='ocrx_word' id='word_1_129' title='bbox 1729 1891 2062 1954; x_wconf 84' lang='lat' dir='ltr'><strong>fremebant</strong></span> 
     </span>
     <span class='ocr_line' id='line_1_22' title="bbox 349 1977 1904 2058; baseline -0.002 -18"><span class='ocrx_word' id='word_1_130' title='bbox 349 1978 622 2058; x_wconf 81' lang='lat' dir='ltr'><strong>Argolici</strong></span> <span class='ocrx_word' id='word_1_131' title='bbox 667 1977 942 2057; x_wconf 75' lang='lat' dir='ltr'><strong>Tyriique</strong></span> <span class='ocrx_word' id='word_1_132' title='bbox 987 1979 1113 2048; x_wconf 86' lang='lat' dir='ltr'><strong>dei;</strong></span> <span class='ocrx_word' id='word_1_133' title='bbox 1158 1988 1330 2058; x_wconf 87' lang='lat' dir='ltr'><strong>pater</strong></span> <span class='ocrx_word' id='word_1_134' title='bbox 1373 1996 1599 2057; x_wconf 85' lang='lat' dir='ltr'><strong>aequus</strong></span> <span class='ocrx_word' id='word_1_135' title='bbox 1640 1979 1904 2056; x_wconf 89' lang='lat' dir='ltr'><strong>utrisque</strong></span> 
     </span>
     <span class='ocr_line' id='line_1_23' title="bbox 347 2063 2355 2144; baseline 0 -18"><span class='ocrx_word' id='word_1_136' title='bbox 347 2064 618 2144; x_wconf 79' lang='lat' dir='ltr'><strong>Adspicit</strong></span> <span class='ocrx_word' id='word_1_137' title='bbox 662 2063 931 2141; x_wconf 88' lang='lat' dir='ltr'><strong>ingentes</strong></span> <span class='ocrx_word' id='word_1_138' title='bbox 973 2063 1273 2124; x_wconf 88' lang='lat' dir='ltr'><strong>ardentum</strong></span> <span class='ocrx_word' id='word_1_139' title='bbox 1311 2065 1577 2124; x_wconf 86' lang='lat' dir='ltr'><strong>cominus</strong></span> <span class='ocrx_word' id='word_1_140' title='bbox 1612 2063 1731 2124; x_wconf 85' lang='lat' dir='ltr'><strong>iras</strong></span> <span class='ocrx_word' id='word_1_141' title='bbox 2253 2071 2355 2126; x_wconf 77' lang='grc' dir='ltr'><strong>8Βό</strong></span> 
     </span>
     <span class='ocr_line' id='line_1_24' title="bbox 349 2147 1961 2229; baseline -0.002 -18"><span class='ocrx_word' id='word_1_142' title='bbox 349 2150 547 2229; x_wconf 90' lang='lat' dir='ltr'><strong>Seque</strong></span> <span class='ocrx_word' id='word_1_143' title='bbox 594 2147 830 2208; x_wconf 89' lang='lat' dir='ltr'><strong>obstare</strong></span> <span class='ocrx_word' id='word_1_144' title='bbox 873 2148 1064 2217; x_wconf 87' lang='lat' dir='ltr'><strong>videt;</strong></span> <span class='ocrx_word' id='word_1_145' title='bbox 1108 2149 1290 2226; x_wconf 88' lang='lat' dir='ltr'><strong>gemit</strong></span> <span class='ocrx_word' id='word_1_146' title='bbox 1328 2149 1661 2209; x_wconf 84' lang='lat' dir='ltr'><strong>inservante</strong></span> <span class='ocrx_word' id='word_1_147' title='bbox 1701 2163 1961 2207; x_wconf 74' lang='lat' dir='ltr'><strong>noverca</strong></span> 
     </span>
     <span class='ocr_line' id='line_1_25' title="bbox 346 2232 1852 2312; baseline -0.002 -18"><span class='ocrx_word' id='word_1_148' title='bbox 346 2233 523 2294; x_wconf 89' lang='lat' dir='ltr'><strong>Liber</strong></span> <span class='ocrx_word' id='word_1_149' title='bbox 567 2242 626 2294; x_wconf 86' lang='lat' dir='ltr'><strong>et</strong></span> <span class='ocrx_word' id='word_1_150' title='bbox 666 2232 908 2312; x_wconf 89' lang='lat' dir='ltr'><strong>obliquo</strong></span> <span class='ocrx_word' id='word_1_151' title='bbox 952 2243 1298 2311; x_wconf 85' lang='lat' dir='ltr'><strong>respectans</strong></span> <span class='ocrx_word' id='word_1_152' title='bbox 1341 2232 1555 2293; x_wconf 83' lang='lat' dir='ltr'><strong>lumine</strong></span> <span class='ocrx_word' id='word_1_153' title='bbox 1595 2241 1852 2312; x_wconf 83' lang='lat' dir='ltr'><strong>patrem:</strong></span> 
     </span>
     <span class='ocr_line' id='line_1_26' title="bbox 349 2314 2273 2397; baseline -0.002 -19"><span class='ocrx_word' id='word_1_154' title='bbox 349 2318 556 2378; x_wconf 67' lang='lat' dir='ltr'><strong>‘Nunc</strong></span> <span class='ocrx_word' id='word_1_155' title='bbox 597 2317 698 2378; x_wconf 90' lang='lat' dir='ltr'><strong>ubi</strong></span> <span class='ocrx_word' id='word_1_156' title='bbox 741 2335 920 2378; x_wconf 83' lang='lat' dir='ltr'><strong>saeva</strong></span> <span class='ocrx_word' id='word_1_157' title='bbox 959 2335 1160 2377; x_wconf 84' lang='lat' dir='ltr'><strong>manns</strong></span> <span class='ocrx_word' id='word_1_158' title='bbox 1203 2334 1454 2397; x_wconf 89' lang='lat' dir='ltr'><strong>meaque</strong></span> <span class='ocrx_word' id='word_1_159' title='bbox 1495 2317 1611 2378; x_wconf 86' lang='lat' dir='ltr'><strong>heu</strong></span> <span class='ocrx_word' id='word_1_160' title='bbox 1653 2315 1938 2378; x_wconf 83' lang='lat' dir='ltr'><strong>cunabula</strong></span> <span class='ocrx_word' id='word_1_161' title='bbox 1979 2314 2273 2391; x_wconf 83' lang='lat' dir='ltr'><strong>flammae,</strong></span> 
     </span>
     <span class='ocr_line' id='line_1_27' title="bbox 347 2398 2154 2479; baseline -0.003 -15"><span class='ocrx_word' id='word_1_162' title='bbox 347 2402 622 2479; x_wconf 80' lang='lat' dir='ltr'><strong>Fulmen,</strong></span> <span class='ocrx_word' id='word_1_163' title='bbox 664 2403 722 2462; x_wconf 92' lang='lat' dir='ltr'><strong>io</strong></span> <span class='ocrx_word' id='word_1_164' title='bbox 767 2401 866 2463; x_wconf 90' lang='lat' dir='ltr'><strong>ubi</strong></span> <span class='ocrx_word' id='word_1_165' title='bbox 901 2399 1196 2463; x_wconf 82' lang='lat' dir='ltr'><strong>fulmen?’</strong></span> <span class='ocrx_word' id='word_1_166' title='bbox 1243 2402 1341 2462; x_wconf 90' lang='lat' dir='ltr'><strong>ait.</strong></span> <span class='ocrx_word' id='word_1_167' title='bbox 1429 2399 1618 2463; x_wconf 83' lang='lat' dir='ltr'><strong>Gemit</strong></span> <span class='ocrx_word' id='word_1_168' title='bbox 1657 2410 1862 2462; x_wconf 86' lang='lat' dir='ltr'><strong>auctor</strong></span> <span class='ocrx_word' id='word_1_169' title='bbox 1901 2398 2154 2479; x_wconf 81' lang='lat' dir='ltr'><strong>Apollo,</strong></span> 
     </span>
     <span class='ocr_line' id='line_1_28' title="bbox 351 2484 2353 2566; baseline 0.001 -20"><span class='ocrx_word' id='word_1_170' title='bbox 351 2486 510 2562; x_wconf 82' lang='lat' dir='ltr'><strong>Quas</strong></span> <span class='ocrx_word' id='word_1_171' title='bbox 548 2487 706 2548; x_wconf 90' lang='lat' dir='ltr'><strong>dedit</strong></span> <span class='ocrx_word' id='word_1_172' title='bbox 744 2488 912 2566; x_wconf 85' lang='lat' dir='ltr'><strong>ipse,</strong></span> <span class='ocrx_word' id='word_1_173' title='bbox 953 2487 1187 2556; x_wconf 85' lang='lat' dir='ltr'><strong>domos;</strong></span> <span class='ocrx_word' id='word_1_174' title='bbox 1230 2485 1474 2547; x_wconf 87' lang='lat' dir='ltr'><strong>Lernam</strong></span> <span class='ocrx_word' id='word_1_175' title='bbox 1518 2485 1870 2565; x_wconf 78' lang='lat' dir='ltr'><strong>Thebasque</strong></span> <span class='ocrx_word' id='word_1_176' title='bbox 1906 2484 2182 2563; x_wconf 88' lang='lat' dir='ltr'><strong>rependit</strong></span> <span class='ocrx_word' id='word_1_177' title='bbox 2252 2490 2353 2548; x_wconf 77' lang='grc'><strong>890</strong></span> 
     </span>
     <span class='ocr_line' id='line_1_29' title="bbox 348 2569 1817 2647; baseline -0.001 -16"><span class='ocrx_word' id='word_1_178' title='bbox 348 2569 613 2631; x_wconf 82' lang='lat' dir='ltr'><strong>Moestus</strong></span> <span class='ocrx_word' id='word_1_179' title='bbox 659 2581 719 2633; x_wconf 94' lang='lat' dir='ltr'><strong>et</strong></span> <span class='ocrx_word' id='word_1_180' title='bbox 757 2574 976 2633; x_wconf 86' lang='lat' dir='ltr'><strong>intento</strong></span> <span class='ocrx_word' id='word_1_181' title='bbox 1021 2572 1243 2633; x_wconf 87' lang='lat' dir='ltr'><strong>dubitat</strong></span> <span class='ocrx_word' id='word_1_182' title='bbox 1285 2571 1616 2647; x_wconf 74' lang='lat' dir='ltr'><strong>Tirynthius</strong></span> <span class='ocrx_word' id='word_1_183' title='bbox 1657 2587 1817 2630; x_wconf 87' lang='lat' dir='ltr'><strong>arcu.</strong></span> 
     </span>
     <span class='ocr_line' id='line_1_30' title="bbox 350 2654 1798 2735; baseline -0.001 -19"><span class='ocrx_word' id='word_1_184' title='bbox 350 2654 649 2716; x_wconf 83' lang='lat' dir='ltr'><strong>Maternos</strong></span> <span class='ocrx_word' id='word_1_185' title='bbox 694 2656 913 2735; x_wconf 84' lang='lat' dir='ltr'><strong>plangit</strong></span> <span class='ocrx_word' id='word_1_186' title='bbox 959 2657 1205 2717; x_wconf 85' lang='lat' dir='ltr'><strong>volucer</strong></span> <span class='ocrx_word' id='word_1_187' title='bbox 1243 2655 1537 2717; x_wconf 84' lang='lat' dir='ltr'><strong>Danaeius</strong></span> <span class='ocrx_word' id='word_1_188' title='bbox 1580 2655 1798 2733; x_wconf 80' lang='lat' dir='ltr'><strong>Argos.</strong></span> 
     </span>
     <span class='ocr_line' id='line_1_31' title="bbox 350 2739 2103 2820; baseline -0.002 -17"><span class='ocrx_word' id='word_1_189' title='bbox 350 2740 485 2803; x_wconf 87' lang='lat' dir='ltr'><strong>Flet</strong></span> <span class='ocrx_word' id='word_1_190' title='bbox 519 2739 719 2800; x_wconf 89' lang='lat' dir='ltr'><strong>Venus</strong></span> <span class='ocrx_word' id='word_1_191' title='bbox 760 2740 1106 2802; x_wconf 87' lang='lat' dir='ltr'><strong>Harmoniae</strong></span> <span class='ocrx_word' id='word_1_192' title='bbox 1151 2740 1440 2820; x_wconf 87' lang='lat' dir='ltr'><strong>populos,</strong></span> <span class='ocrx_word' id='word_1_193' title='bbox 1484 2750 1870 2818; x_wconf 88' lang='lat' dir='ltr'><strong>metuensque</strong></span> <span class='ocrx_word' id='word_1_194' title='bbox 1910 2740 2103 2799; x_wconf 86' lang='lat' dir='ltr'><strong>mariti</strong></span> 
     </span>
     <span class='ocr_line' id='line_1_32' title="bbox 350 2824 1821 2904; baseline -0.003 -16"><span class='ocrx_word' id='word_1_195' title='bbox 350 2827 479 2889; x_wconf 87' lang='lat' dir='ltr'><strong>Stat</strong></span> <span class='ocrx_word' id='word_1_196' title='bbox 520 2824 729 2904; x_wconf 89' lang='lat' dir='ltr'><strong>procul</strong></span> <span class='ocrx_word' id='word_1_197' title='bbox 766 2834 827 2884; x_wconf 90' lang='lat' dir='ltr'><strong>et</strong></span> <span class='ocrx_word' id='word_1_198' title='bbox 868 2826 1044 2886; x_wconf 87' lang='lat' dir='ltr'><strong>tacita</strong></span> <span class='ocrx_word' id='word_1_199' title='bbox 1081 2825 1675 2904; x_wconf 80' lang='lat' dir='ltr'><strong>Gradivumrespicit</strong></span> <span class='ocrx_word' id='word_1_200' title='bbox 1716 2824 1821 2884; x_wconf 89' lang='lat' dir='ltr'><strong>ira.</strong></span> 
     </span>
     <span class='ocr_line' id='line_1_33' title="bbox 351 2908 2355 2990; baseline 0 -18"><span class='ocrx_word' id='word_1_201' title='bbox 351 2910 626 2990; x_wconf 84' lang='lat' dir='ltr'><strong>Increpat</strong></span> <span class='ocrx_word' id='word_1_202' title='bbox 654 2908 880 2969; x_wconf 87' lang='lat' dir='ltr'><strong>Aonios</strong></span> <span class='ocrx_word' id='word_1_203' title='bbox 918 2909 1109 2971; x_wconf 87' lang='lat' dir='ltr'><strong>audax</strong></span> <span class='ocrx_word' id='word_1_204' title='bbox 1146 2909 1404 2970; x_wconf 83' lang='lat' dir='ltr'><strong>Tritonia</strong></span> <span class='ocrx_word' id='word_1_205' title='bbox 1447 2910 1636 2971; x_wconf 83' lang='lat' dir='ltr'><strong>divos.</strong></span> <span class='ocrx_word' id='word_1_206' title='bbox 2253 2916 2355 2972; x_wconf 77' lang='lat'><strong>895</strong></span> 
     </span>
     <span class='ocr_line' id='line_1_34' title="bbox 350 2993 1851 3073; baseline -0.003 -16"><span class='ocrx_word' id='word_1_207' title='bbox 350 2994 628 3057; x_wconf 91' lang='lat' dir='ltr'><strong>Iunonem</strong></span> <span class='ocrx_word' id='word_1_208' title='bbox 670 2994 901 3054; x_wconf 86' lang='lat' dir='ltr'><strong>tacitam</strong></span> <span class='ocrx_word' id='word_1_209' title='bbox 941 2993 1247 3055; x_wconf 84' lang='lat' dir='ltr'><strong>furibunda</strong></span> <span class='ocrx_word' id='word_1_210' title='bbox 1288 2995 1514 3056; x_wconf 91' lang='lat' dir='ltr'><strong>silentia</strong></span> <span class='ocrx_word' id='word_1_211' title='bbox 1558 3002 1851 3073; x_wconf 83' lang='lat' dir='ltr'><strong>torquent.</strong></span> 
     </span>
     <span class='ocr_line' id='line_1_35' title="bbox 477 3076 2271 3159; baseline -0.001 -19"><span class='ocrx_word' id='word_1_212' title='bbox 477 3080 609 3142; x_wconf 92' lang='lat' dir='ltr'><strong>Non</strong></span> <span class='ocrx_word' id='word_1_213' title='bbox 639 3088 835 3140; x_wconf 87' lang='lat' dir='ltr'><strong>tamen</strong></span> <span class='ocrx_word' id='word_1_214' title='bbox 871 3078 1021 3139; x_wconf 86' lang='lat' dir='ltr'><strong>haec</strong></span> <span class='ocrx_word' id='word_1_215' title='bbox 1056 3079 1289 3140; x_wconf 89' lang='lat' dir='ltr'><strong>turbant</strong></span> <span class='ocrx_word' id='word_1_216' title='bbox 1329 3097 1539 3159; x_wconf 84' lang='lat' dir='ltr'><strong>pacem</strong></span> <span class='ocrx_word' id='word_1_217' title='bbox 1574 3078 1763 3148; x_wconf 78' lang='lat' dir='ltr'><strong>Iovis3</strong></span> <span class='ocrx_word' id='word_1_218' title='bbox 1805 3095 1953 3138; x_wconf 89' lang='lat' dir='ltr'><strong>ecce</strong></span> <span class='ocrx_word' id='word_1_219' title='bbox 1997 3076 2271 3157; x_wconf 83' lang='lat' dir='ltr'><strong>quierant</strong></span> 
     </span>
     <span class='ocr_line' id='line_1_36' title="bbox 349 3162 2005 3244; baseline -0.003 -18"><span class='ocrx_word' id='word_1_220' title='bbox 349 3164 576 3243; x_wconf 86' lang='lat' dir='ltr'><strong>Iurgia,</strong></span> <span class='ocrx_word' id='word_1_221' title='bbox 624 3182 793 3244; x_wconf 89' lang='lat' dir='ltr'><strong>quum</strong></span> <span class='ocrx_word' id='word_1_222' title='bbox 836 3164 1042 3224; x_wconf 88' lang='lat' dir='ltr'><strong>mediis</strong></span> <span class='ocrx_word' id='word_1_223' title='bbox 1087 3162 1396 3243; x_wconf 86' lang='lat' dir='ltr'><strong>Capaneus</strong></span> <span class='ocrx_word' id='word_1_224' title='bbox 1441 3164 1668 3226; x_wconf 84' lang='lat' dir='ltr'><strong>auditus</strong></span> <span class='ocrx_word' id='word_1_225' title='bbox 1710 3165 1769 3224; x_wconf 90' lang='lat' dir='ltr'><strong>in</strong></span> <span class='ocrx_word' id='word_1_226' title='bbox 1810 3163 2005 3223; x_wconf 86' lang='lat' dir='ltr'><strong>astris.</strong></span> 
     </span>
     <span class='ocr_line' id='line_1_37' title="bbox 352 3247 1993 3328; baseline -0.002 -18"><span class='ocrx_word' id='word_1_227' title='bbox 352 3249 639 3310; x_wconf 69' lang='lat' dir='ltr'><strong>‘Nullane</strong></span> <span class='ocrx_word' id='word_1_228' title='bbox 677 3265 787 3328; x_wconf 91' lang='lat' dir='ltr'><strong>pro</strong></span> <span class='ocrx_word' id='word_1_229' title='bbox 824 3248 1101 3327; x_wconf 84' lang='lat' dir='ltr'><strong>trepidis,</strong></span> <span class='ocrx_word' id='word_1_230' title='bbox 1147 3247 1469 3325; x_wconf 84' lang='lat' dir='ltr'><strong>clamabat,</strong></span> <span class='ocrx_word' id='word_1_231' title='bbox 1507 3248 1733 3309; x_wconf 74' lang='lat' dir='ltr'><strong>numina</strong></span> <span class='ocrx_word' id='word_1_232' title='bbox 1775 3247 1993 3308; x_wconf 86' lang='lat' dir='ltr'><strong>Thebis</strong></span> 
     </span>
     <span class='ocr_line' id='line_1_38' title="bbox 354 3329 2354 3408; baseline 0.004 -18"><span class='ocrx_word' id='word_1_233' title='bbox 354 3329 574 3392; x_wconf 82' lang='lat' dir='ltr'><strong>Statis?</strong></span> <span class='ocrx_word' id='word_1_234' title='bbox 614 3332 711 3392; x_wconf 89' lang='lat' dir='ltr'><strong>ubi</strong></span> <span class='ocrx_word' id='word_1_235' title='bbox 752 3333 1019 3394; x_wconf 85' lang='lat' dir='ltr'><strong>infandae</strong></span> <span class='ocrx_word' id='word_1_236' title='bbox 1065 3348 1283 3408; x_wconf 84' lang='lat' dir='ltr'><strong>segnes</strong></span> <span class='ocrx_word' id='word_1_237' title='bbox 1323 3333 1555 3394; x_wconf 88' lang='lat' dir='ltr'><strong>telluris</strong></span> <span class='ocrx_word' id='word_1_238' title='bbox 1597 3333 1829 3408; x_wconf 88' lang='lat' dir='ltr'><strong>alumni,</strong></span> <span class='ocrx_word' id='word_1_239' title='bbox 2252 3340 2354 3397; x_wconf 78' lang='lat'><strong>9⁰0</strong></span> 
     </span>
     <span class='ocr_line' id='line_1_39' title="bbox 350 3412 1880 3497; baseline 0.004 -26"><span class='ocrx_word' id='word_1_240' title='bbox 350 3412 617 3475; x_wconf 89' lang='lat' dir='ltr'><strong>Bacchus</strong></span> <span class='ocrx_word' id='word_1_241' title='bbox 661 3424 718 3476; x_wconf 91' lang='lat' dir='ltr'><strong>et</strong></span> <span class='ocrx_word' id='word_1_242' title='bbox 759 3413 1046 3478; x_wconf 79' lang='lat' dir='ltr'><strong>Alcides?</strong></span> <span class='ocrx_word' id='word_1_243' title='bbox 1088 3419 1251 3496; x_wconf 85' lang='lat' dir='ltr'><strong>piget</strong></span> <span class='ocrx_word' id='word_1_244' title='bbox 1284 3418 1564 3497; x_wconf 83' lang='lat' dir='ltr'><strong>instigare</strong></span> <span class='ocrx_word' id='word_1_245' title='bbox 1604 3418 1880 3479; x_wconf 86' lang='lat' dir='ltr'><strong>minores.</strong></span> 
     </span>
    </p>
   </div>
  </div>
 </body>
</html>
