2517 3909
878 158 1276 208 THEBAIDOS
1319 159 1461 207 LIB.
1504 159 1629 207 XII.

245 312 500 375 Clamor
545 323 605 375 et
648 315 903 387 emeritis
948 314 1145 375 hilaris
1187 314 1326 376 tuba
1368 316 1585 376 nuntiat
1622 315 1814 375 armis.

243 400 414 459 Ante
460 399 665 459 ducem
706 399 893 477 spolia
932 407 995 459 et
1035 401 1160 460 duri
1198 398 1476 460 Mavortis
1515 402 1730 477 imago,

243 484 526 561 Virginei
568 502 770 544 currus
813 483 1209 562 cumulataque
1246 484 1472 545 fercula
1514 486 1726 560 cristis,

191 606 198 612 -
245 567 335 629 Et
381 570 578 628 tristes
621 568 902 628 ducuntur
943 570 1077 647 equi
1115 579 1471 649 truncaeque
1517 570 1822 646 bipennes,

251 653 409 726 Quis
450 671 684 714 nemora
727 662 786 714 et
823 653 1067 713 solidam
1110 652 1398 715 Maeotida
1447 654 1698 715 caedere
1738 662 1963 730 suetae,

251 736 584 818 Corytique
627 737 795 798 leves
837 747 1136 817 portantur
1180 746 1242 798 et
1285 739 1457 816 ignea
1505 739 1746 816 gemmis

250 819 505 900 Cingula
551 832 611 883 et
653 824 932 884 informes
976 823 1329 884 dominarum
1375 825 1653 900 sanguine
1702 822 1918 902 peltae.

247 904 433 984 Ipsae
477 918 664 967 autem
705 908 957 968 noudum
1000 908 1261 986 trepidae
1309 925 1627 987 sexumque
1664 907 1932 985 fatentur,

249 989 390 1050 Nec
430 992 673 1069 vulgare
714 1001 953 1070 gemunt
993 1003 1488 1071 aspernanturque
1528 994 1785 1072 precari,

252 1073 336 1135 Et
380 1084 589 1136 tantum
634 1078 909 1157 innuptae
952 1086 1235 1155 quaerunt
1278 1076 1519 1138 delubra
1560 1076 1876 1137 Minervae.

387 1159 605 1219 Primus
649 1179 813 1222 amor
851 1162 1040 1222 niveis
1078 1162 1363 1223 victorem
1408 1179 1650 1223 cernere
1695 1172 1924 1223 vectum
1994 1156 1999 1164 ’

256 1242 660 1323 Quadriiugis,
702 1264 815 1306 uec
850 1263 967 1306 nou
1009 1246 1266 1325 populos
1310 1249 1368 1306 in
1410 1256 1595 1306 semet
1632 1245 1845 1325 agebat

257 1326 612 1407 Hippolyte,
657 1333 769 1391 iam
811 1330 1022 1391 blanda
1064 1349 1248 1408 genas
1293 1333 1636 1411 patiensque
1678 1332 1862 1391 mariti

256 1411 573 1483 Foederis;
619 1414 768 1475 hanc
809 1416 1034 1494 patriae
1076 1417 1220 1475 ritus
1260 1416 1513 1493 fregisse
1558 1433 1807 1476 severos

259 1496 529 1558 Atthides
574 1497 847 1577 obliquae
891 1518 1090 1559 secum
1129 1501 1405 1560 mirantur
1438 1509 1648 1578 operto

259 1579 586 1660 Murmure,
634 1584 790 1663 quod
832 1584 994 1644 nitidi
1037 1585 1267 1661 crines,
1314 1585 1469 1664 quod
1510 1592 1756 1663 pectora
1799 1582 1957 1662 palla

261 1664 413 1726 Tota
456 1666 665 1744 latent,
721 1669 945 1746 magnis
990 1669 1146 1748 quod
1187 1667 1434 1729 barbara
1480 1676 1667 1728 semet
1709 1666 1954 1728 Athenis

263 1749 508 1812 Misceat
550 1760 722 1832 atque
766 1752 920 1814 hosti
962 1755 1159 1814 veniat
1196 1755 1452 1832 paritura
1493 1753 1719 1812 marito.

389 1835 622 1897 Paulum
668 1847 728 1898 et
770 1837 842 1898 ab
887 1839 1130 1898 insessis
1174 1846 1434 1897 moestae
1478 1835 1830 1915 Pelopeides
1869 1836 1985 1896 aris

262 1918 617 1982 Promovere
654 1923 895 2000 gradum
938 1924 1269 2001 seriemque
1308 1930 1370 1981 et
1407 1921 1557 1982 dona
1598 1919 1865 1999 triumphi

262 2003 559 2082 Mirantur,
609 2008 862 2086 victique
905 2009 1093 2069 auimo
1122 2007 1356 2068 rediere
1387 2007 1591 2068 mariti.

264 2089 457 2170 Atque
500 2090 597 2151 ubi
637 2091 886 2152 tardavit
928 2110 1130 2152 currus
1173 2101 1233 2152 et
1275 2089 1346 2152 ab
1391 2109 1501 2151 axe
1545 2090 1806 2170 superbo

264 2172 550 2253 Explorat
593 2194 800 2236 causas
841 2177 1034 2236 victor
1075 2178 1385 2256 poscitque
1432 2176 1681 2253 benigna

266 2257 426 2319 Aure
471 2278 720 2339 preeeS,
763 2277 902 2322 ausa
942 2270 1075 2322 ante
1119 2261 1261 2322 alias
1305 2258 1599 2340 Capaneia
1643 2261 1882 2320 coniux:

392 2343 688 2422 ‘Belliger
729 2343 993 2423 Aegide,
1036 2345 1262 2406 subitae
1308 2347 1401 2406 cui
1441 2346 1686 2405 maxima
1735 2344 1921 2405 laudis

270 2428 499 2489 Semina
542 2430 615 2490 de
658 2431 872 2490 nostris
916 2432 1105 2508 aperit
1144 2429 1397 2490 Fortuna
1434 2430 1635 2503 ruinis,

269 2511 400 2572 Nou
444 2523 682 2574 externa
721 2532 909 2591 genus
952 2514 1111 2575 dirae
1151 2532 1266 2574 nec
1308 2515 1544 2574 conscia
1580 2529 1770 2572 noxae

272 2596 459 2657 Turba
503 2616 725 2667 sumus;
769 2598 973 2658 domus
1016 2597 1213 2676 Argos
1257 2608 1384 2658 erat
1421 2614 1720 2675 regesque
1761 2597 1966 2673 mariti,

268 2680 397 2741 Non
438 2683 647 2743 utinam
692 2692 752 2743 et
790 2684 998 2745 fortes.
1086 2682 1237 2757 Quid
1277 2685 1425 2743 enim
1462 2691 1710 2760 septena
1748 2698 1986 2742 movere

274 2765 472 2826 Castra
516 2776 576 2827 et
616 2765 970 2845 Agenoreos
1013 2785 1162 2846 opus
1208 2767 1517 2826 emendare
1560 2763 1845 2845 penates?

272 2850 396 2912 Nec
441 2852 733 2930 querimur
772 2869 1014 2928 caesos,
1068 2853 1216 2912 haec
1255 2850 1470 2912 bellica
1510 2851 1634 2912 iura
1670 2852 1955 2930 vicesque

272 2936 602 3005 Armorum3
649 2936 757 2996 sed
801 2954 915 2996 non
953 2936 1168 2997 Siculis
1209 2945 1415 2996 exorta
1457 2935 1564 2996 sub
1609 2938 1786 2997 antris

274 3020 559 3097 Monstra,
605 3039 717 3080 nec
756 3020 963 3081 Ossaei
1005 3021 1168 3082 bello
1214 3022 1487 3081 cecidere
1529 3019 1897 3082 bimembres.

271 3103 429 3165 Mitto
459 3123 646 3183 genus
672 3106 982 3185 clarosque
1004 3114 1233 3185 patres:
1268 3106 1587 3182 hominum,
1618 3105 1814 3166 inclite
1838 3102 2092 3179 Theseu,

279 3189 518 3268 Sanguis
561 3199 757 3268 eraut,
809 3189 1102 3266 homiues,
1150 3191 1472 3270 eademque
1516 3192 1573 3250 in
1606 3191 1800 3251 sidera
1839 3187 2077 3249 eosdem

279 3275 522 3335 Sortitus
565 3276 874 3337 animarum
915 3274 1298 3353 alimentaque
1318 3280 1539 3337 ‘vestra
1582 3274 1784 3351 creati,

281 3358 434 3432 Quos
473 3369 632 3421 vetat
673 3363 810 3438 igne
854 3358 1048 3420 Creon
1092 3361 1451 3439 Stygiaeque
1493 3379 1527 3420 a
1571 3359 1762 3419 limine
1807 3367 2013 3437 portae

282 3439 400 3504 Ceu
446 3453 606 3505 sator
648 3442 1024 3507 Eumenidum
1066 3454 1164 3508 aut
1203 3445 1444 3508 Lethaei
1487 3444 1733 3524 portitor
1774 3445 1954 3504 amnis

2126 145 2270 240 267·

2150 580 2252 653 525

2051 1002 2254 1099 *530

2149 1423 2251 1477 535

2152 1845 2258 1899 540

2154 2691 2259 2744 550

2154 3113 2256 3167 555
