2517 3909
177 140 266 205 48
926 138 986 194 P.
1022 135 1304 193 PAPINII
1340 136 1584 192 STATII

183 282 484 349 Culmina
526 282 906 370 uisendique
951 281 1190 352 uices?
1217 304 1340 348 sua
1382 282 1612 368 cuique
1656 283 1962 370 uoluptas

186 372 405 458 Atque
452 372 630 437 omni
673 371 1010 456 proprium
1053 370 1347 438 thalamo
1392 392 1600 458 mare,
1652 374 1961 460 transque
2005 373 2340 444 iacentem

183 459 401 528 Nerea
446 460 718 527 diuersis
765 460 966 528 seruit
1010 482 1130 525 sua
1173 463 1352 526 terra
1393 458 1725 526 fenestris:
2153 539 2158 544 ¹
2263 480 2337 532 ³25

182 548 367 615 Haec
406 549 586 618 uidet
627 548 976 634 Inarimen,
1019 548 1202 614 illinc
1245 546 1574 632 Prochyta
1615 570 1846 633 aspera
1887 555 2104 639 paret3

184 637 489 724 Armiger
531 638 657 704 hac
701 638 928 723 magni
972 640 1155 722 patet
1198 636 1522 721 Hectori&
1561 637 1716 704 inde
1760 637 2128 726 malignum

183 727 360 793 Aera
402 728 681 812 respirat
723 727 959 813 pelago
1006 726 1381 814 circumflua
1423 719 1644 811 Nesi83

181 815 343 881 Inde
388 817 574 903 uagis
621 836 837 884 omen.
854 816 1014 886 felix
1057 814 1354 900 Euploea
1398 814 1635 880 carinis
1969 875 1996 906 ἱ,

184 903 487 990 Quaeque
533 904 685 972 ferit
728 925 963 971 curuos
1010 909 1231 969 exerta
1275 902 1562 990 Megalia
1605 903 1859 990 fluctus,
2257 922 2333 974 80

182 992 468 1080 Angitur
511 993 636 1060 hac
683 994 946 1060 domino
994 996 1225 1059 contra
1262 992 1615 1062 recubante
1664 991 2019 1080 proculque
2081 991 2088 996 ’

188 1081 571 1148 Surrentina
614 1085 765 1148 tuus
813 1084 1075 1167 spectat·
1109 1082 1440 1167 praetoria
1481 1080 1734 1154 Limon,
1809 1101 1815 1126 ‘
1909 1121 1914 1126 ·
2063 1093 2072 1104 “

183 1169 310 1236 ma
354 1175 577 1238 tamen
621 1171 873 1236 cunctis
916 1170 1144 1255 procul
1189 1170 1433 1236 eminet
1473 1192 1607 1239 una
1650 1170 1914 1260 diaetis,
2007 1205 2014 1213 ·

185 1258 365 1336 Quae
410 1260 533 1325 tibi
578 1258 1040 1345 Parthenopen
1084 1259 1338 1327 derecto
1384 1258 1610 1334 limite.
1636 1259 1825 1345 ponti
1987 1309 1994 1318 .
2029 1337 2032 1342 .

180 1348 456 1434 Ingerit:
501 1348 611 1415 hic
657 1347 846 1414 Grais
891 1348 1151 1433 penitus
1197 1348 1456 1414 desecta
1491 1348 1787 1414 metallis
1983 1429 1990 1438 ἰ
2255 1366 2329 1418 86

186 1435 385 1523 Saxa3
433 1438 606 1525 quod
649 1436 829 1504 ane
873 1438 1196 1523 respergit
1240 1459 1409 1502 uena
1456 1431 1717 1522 Syenes,

185 1525 490 1612 Synnade
537 1526 710 1613 quod
753 1529 1006 1594 maesta
1048 1525 1375 1612 Phrygiae
1405 1525 1640 1612 ⁸fodere
1684 1546 1958 1613 secures}
2014 1589 2036 1612 ,Ἴ

184 1614 311 1680 Per
357 1614 635 1699 Cybeles
677 1616 961 1701 lugentis
1007 1636 1222 1701 agros,
1267 1614 1379 1694 ubi
1411 1636 1743 1688 ,marmore
1786 1605 1964 1699 picto

186 1701 480 1770 Candida
524 1725 850 1789 purpureo
897 1703 1318 1790 distinguitur
1364 1725 1517 1770 area
1562 1724 1780 1789 gyr03,
1889 1771 1894 1793 Σ
1960 1769 1964 1774 .

182 1790 317 1860 Hi·
356 1796 422 1857 et
465 1791 806 1877 Amyclaei
851 1813 1106 1860 caesum
1158 1792 1236 1860 de
1287 1794 1518 1866 monte,
1556 1789 1839 1877 Lycurgi
1905 1851 1914 1880 1
1975 1819 1978 1822 ·
2231 1792 2333 1863 ’90

184 1879 371 1957 Quod
415 1880 587 1946 uiret
631 1883 700 1946 et
741 1881 973 1947 molles
1020 1881 1318 1958 imitatur
1361 1880 1629 1964 rupibus
1673 1881 1927 1964 herbas,

183 1968 312 2036 Hic
357 1969 729 2036 Nomadum
773 1971 991 2036 lucent
1034 1969 1348 2046 flauentia'
1391 1991 1547 2036 saxa
1591 1967 1971 2054 Thasosque

181 2057 274 2124 Et
317 2058 518 2125 Chios
566 2062 632 2123 et
676 2059 969 2145 gaudens
1011 2058 1246 2125 fluctus
1292 2078 1567 2144 aequare
1612 2056 1923 2144 Carystos
1936 2083 1988 2146 t„

183 2146 417 2213 Omnia
463 2146 867 2216 Chalcidicas
911 2149 1121 2212 turres
1169 2147 1449 2212 obuersa
1494 2146 1804 2226 salutarit.
1997 2191 2002 2197 ·

182 2234 397 2302 Macte
425 2237 642 2303 animo
673 2236 846 2322 quod
875 2234 1073 2300 Graia
1097 2235 1357 2321 probas,
1399 2235 1574 2321 quod
1602 2233 1800 2302 Graia
1825 2236 2206 2323 frequentas
2255 2251 2329 2308 95

184 2323 392 2409 Arua;
438 2346 558 2390 nec
602 2323 942 2391 inuideant
987 2346 1151 2410 quae
1195 2328 1264 2389 te
1310 2344 1589 2410 genuere
1634 2321 1970 2410 Dicarchi:

187 2412 473 2478 Moenia!
520 2435 641 2488 nos
688 2412 878 2479 docto
924 2413 1154 2494 melius
1199 2414 1528 2498 potiemur
1573 2414 1853 2482 alumno,

184 2500 351 2577 Quid
393 2524 567 2567 nunc
608 2503 780 2572 ruris
829 2523 987 2587 opes
1031 2506 1361 2589 pontoque
1405 2500 1672 2568 nonalia
1718 2501 1928 2590 dicam

182 2588 428 2656 Iniecta
473 2594 540 2655 et
583 2590 874 2657 madidas
919 2590 1215 2658 Baccheo
1260 2593 1520 2656 nectare
1565 2592 1804 2676 rupes?
1889 2625 1895 2630 ·
2183 2649 2190 2654 .

183 2676 388 2765 Saepe
433 2701 550 2765 per
594 2683 977 2746 autumnum
1018 2680 1152 2746 iam
1195 2679 1587 2764 pubescente
1633 2677 1850 2765 Lyaeo
2215 2699 2326 2750 100

185 2765 578 2835 Conscendit
620 2771 926 2855 scopulos
959 2769 1311 2854 noctisque
1358 2768 1612 2858 occulta
1651 2769 1776 2856 sub
1819 2767 2056 2858 umbra

2511 861 2517 946 *J

325 3056 391 3107 78
430 3050 605 3106 nessis
641 3056 688 3106 Δ
726 3058 761 3104 c
801 3054 821 3122 ΙΙ
868 3057 934 3106 79
972 3048 1225 3120 Euploea
1259 3048 1453 3104 Dona.-
1490 3050 1704 3105 euboea
1738 3056 1785 3103 Δ
1822 3057 1857 3103 c
1884 3054 1904 3121 ΙΙ
1944 3058 2011 3107 81
2052 3055 2162 3111 hac
2200 3073 2326 3127 eqo:

181 3123 242 3176 et
276 3127 311 3173 c
348 3140 382 3175 a
426 3121 558 3177 hinc
605 3123 846 3190 Mar-kl„
890 3123 988 3192 qui
1023 3127 1074 3175 et
1108 3120 1307 3190 procul
1343 3119 1441 3189 qui
1492 3122 1512 3191 ΙΙ
1564 3125 1633 3176 82
1671 3120 1874 3178 Limon
1907 3123 2102 3179 Dona:
2148 3126 2328 3184 limen

180 3190 332 3246 Δ*ς
369 3192 565 3248 limam
612 3195 702 3249 uel
744 3193 922 3248 liman
968 3198 1003 3244 G
1047 3193 1068 3261 ΙΙ
1112 3197 1179 3246 83
1228 3190 1336 3245 Illa
1370 3193 1594 3260 sampsi:
1628 3192 1756 3246 Una
1792 3199 1827 3245 0
1864 3212 1898 3247 a
1943 3195 2092 3251 Ante
2128 3198 2329 3254 tamen

185 3265 415 3319 cunctas
455 3266 665 3321 Markl.
708 3266 729 3334 ΙΙ
774 3270 841 3320 85
890 3263 1112 3320 delecta
1147 3268 1182 3314 c
1219 3281 1272 3329 a,
1306 3278 1445 3317 corr.
1483 3262 1771 3320 Amantius
1815 3266 1836 3334 ΙΙ
1881 3269 1950 3319 86
1989 3272 2040 3321 et
2076 3273 2143 3323 87
2185 3274 2329 3339 quot

183 3339 219 3388 0
255 3352 305 3403 a,
344 3351 481 3391 corr.
524 3341 560 3391 ς
598 3339 620 3407 ΙΙ
655 3342 724 3391 93
760 3350 1003 3405 aequare
1049 3334 1163 3400 (wel
1197 3333 1372 3389 fluctu
1408 3335 1642 3403 certare)
1679 3334 2019 3391 Salmasius.-
2066 3343 2327 3409 spectare
2513 3303 2517 3398 l

179 3410 214 3456 c
251 3421 287 3459 a
311 3407 332 3477 u
359 3411 426 3461 95
465 3409 630 3477 grata
665 3437 732 3447 —-
770 3408 935 3477 grata
972 3411 1007 3457 G
1043 3424 1093 3476 a,
1131 3421 1268 3460 corr.
1308 3403 1610 3459 Gazam-tius
