<?xml version="1.0" encoding="UTF-8"?>
<!DOCTYPE html PUBLIC "-//W3C//DTD XHTML 1.0 Transitional//EN"
    "http://www.w3.org/TR/xhtml1/DTD/xhtml1-transitional.dtd">
<html xmlns="http://www.w3.org/1999/xhtml" xml:lang="en" lang="en">
 <head>
  <title>
</title>
<meta http-equiv="Content-Type" content="text/html;charset=utf-8" />
  <meta name='ocr-system' content='tesseract 3.04.00' />
  <meta name='ocr-capabilities' content='ocr_page ocr_carea ocr_par ocr_line ocrx_word'/>
</head>
<body>
  <div class='ocr_page' id='page_1' title='image "./ppapiniusstatiu00placgoog_0473.png"; bbox 0 0 2517 3909; ppageno 0'>
   <div class='ocr_carea' id='block_1_1' title="bbox 809 130 2197 190">
    <p class='ocr_par' dir='ltr' id='par_1_1' title="bbox 809 130 2197 190">
     <span class='ocr_line' id='line_1_1' title="bbox 809 130 2197 190; baseline 0.001 -2"><span class='ocrx_word' id='word_1_1' title='bbox 809 139 1207 189; x_wconf 77' lang='lat' dir='ltr'><strong>T-Amos</strong></span> <span class='ocrx_word' id='word_1_2' title='bbox 1253 140 1395 188; x_wconf 73' lang='lat' dir='ltr'><strong>ms.</strong></span> <span class='ocrx_word' id='word_1_3' title='bbox 1438 140 1589 189; x_wconf 85' lang='lat' dir='ltr'><strong>vm.</strong></span> <span class='ocrx_word' id='word_1_4' title='bbox 2080 130 2197 190; x_wconf 85' lang='lat'><strong>175</strong></span> 
     </span>
    </p>
   </div>
   <div class='ocr_carea' id='block_1_2' title="bbox 203 296 2204 3510">
    <p class='ocr_par' dir='ltr' id='par_1_2' title="bbox 203 296 2200 1561">
     <span class='ocr_line' id='line_1_2' title="bbox 208 296 1943 376; baseline 0.001 -20"><span class='ocrx_word' id='word_1_5' title='bbox 208 297 373 356; x_wconf 88' lang='lat' dir='ltr'><strong>Tunc</strong></span> <span class='ocrx_word' id='word_1_6' title='bbox 409 296 591 373; x_wconf 82' lang='lat' dir='ltr'><strong>magis</strong></span> <span class='ocrx_word' id='word_1_7' title='bbox 634 306 808 376; x_wconf 87' lang='lat' dir='ltr'><strong>atque</strong></span> <span class='ocrx_word' id='word_1_8' title='bbox 847 297 1032 373; x_wconf 84' lang='lat' dir='ltr'><strong>magis</strong></span> <span class='ocrx_word' id='word_1_9' title='bbox 1069 298 1231 357; x_wconf 75' lang='lat' dir='ltr'><strong>vires</strong></span> <span class='ocrx_word' id='word_1_10' title='bbox 1269 298 1605 375; x_wconf 88' lang='lat' dir='ltr'><strong>animusque</strong></span> <span class='ocrx_word' id='word_1_11' title='bbox 1642 296 1943 375; x_wconf 84' lang='lat' dir='ltr'><strong>recedunt,</strong></span> 
     </span>
     <span class='ocr_line' id='line_1_3' title="bbox 204 380 1841 460; baseline 0 -19"><span class='ocrx_word' id='word_1_12' title='bbox 204 380 335 441; x_wconf 90' lang='lat' dir='ltr'><strong>Nec</strong></span> <span class='ocrx_word' id='word_1_13' title='bbox 373 380 561 460; x_wconf 88' lang='lat' dir='ltr'><strong>pudor</strong></span> <span class='ocrx_word' id='word_1_14' title='bbox 598 383 685 442; x_wconf 89' lang='lat' dir='ltr'><strong>ire</strong></span> <span class='ocrx_word' id='word_1_15' title='bbox 727 391 916 451; x_wconf 78' lang='lat' dir='ltr'><strong>retr03</strong></span> <span class='ocrx_word' id='word_1_16' title='bbox 959 382 1264 442; x_wconf 78' lang='lat' dir='ltr'>cedentem</span> <span class='ocrx_word' id='word_1_17' title='bbox 1303 381 1625 442; x_wconf 86' lang='lat' dir='ltr'><strong>Acheloius</strong></span> <span class='ocrx_word' id='word_1_18' title='bbox 1660 381 1841 442; x_wconf 85' lang='lat' dir='ltr'><strong>beros</strong></span> 
     </span>
     <span class='ocr_line' id='line_1_4' title="bbox 205 465 1597 545; baseline 0.001 -20"><span class='ocrx_word' id='word_1_19' title='bbox 205 465 455 545; x_wconf 85' lang='lat' dir='ltr'><strong>Inpetit,</strong></span> <span class='ocrx_word' id='word_1_20' title='bbox 504 475 565 526; x_wconf 84' lang='lat' dir='ltr'><strong>et</strong></span> <span class='ocrx_word' id='word_1_21' title='bbox 602 466 821 527; x_wconf 86' lang='lat' dir='ltr'><strong>librans</strong></span> <span class='ocrx_word' id='word_1_22' title='bbox 861 468 958 526; x_wconf 83' lang='lat' dir='ltr'><strong>uni</strong></span> <span class='ocrx_word' id='word_1_23' title='bbox 999 467 1110 526; x_wconf 89' lang='lat' dir='ltr'><strong>sibi</strong></span> <span class='ocrx_word' id='word_1_24' title='bbox 1145 466 1597 542; x_wconf 87' lang='lat' dir='ltr'><strong>missiletelum,</strong></span> 
     </span>
     <span class='ocr_line' id='line_1_5' title="bbox 204 550 2199 631; baseline 0.005 -22"><span class='ocrx_word' id='word_1_25' title='bbox 204 550 438 610; x_wconf 85' lang='lat' dir='ltr'><strong>Direxit</strong></span> <span class='ocrx_word' id='word_1_26' title='bbox 480 552 698 627; x_wconf 76' lang='lat' dir='ltr'><strong>iactuS,</strong></span> <span class='ocrx_word' id='word_1_27' title='bbox 740 569 995 611; x_wconf 85' lang='lat' dir='ltr'><strong>summae</strong></span> <span class='ocrx_word' id='word_1_28' title='bbox 1039 569 1150 629; x_wconf 89' lang='lat' dir='ltr'><strong>qua</strong></span> <span class='ocrx_word' id='word_1_29' title='bbox 1192 553 1452 629; x_wconf 80' lang='lat' dir='ltr'><strong>margine</strong></span> <span class='ocrx_word' id='word_1_30' title='bbox 1487 570 1724 631; x_wconf 88' lang='lat' dir='ltr'><strong>parmae</strong></span> <span class='ocrx_word' id='word_1_31' title='bbox 2100 568 2199 619; x_wconf 79' lang='lat'><strong>525</strong></span> 
     </span>
     <span class='ocr_line' id='line_1_6' title="bbox 205 632 1623 713; baseline 0.001 -19"><span class='ocrx_word' id='word_1_32' title='bbox 205 632 327 695; x_wconf 91' lang='lat' dir='ltr'><strong>Ima</strong></span> <span class='ocrx_word' id='word_1_33' title='bbox 370 636 538 695; x_wconf 86' lang='lat' dir='ltr'><strong>sedet</strong></span> <span class='ocrx_word' id='word_1_34' title='bbox 580 636 753 713; x_wconf 80' lang='lat' dir='ltr'><strong>galea</strong></span> <span class='ocrx_word' id='word_1_35' title='bbox 799 646 856 696; x_wconf 87' lang='lat' dir='ltr'><strong>et</strong></span> <span class='ocrx_word' id='word_1_36' title='bbox 896 635 1074 713; x_wconf 77' lang='lat' dir='ltr'><strong>iuguli</strong></span> <span class='ocrx_word' id='word_1_37' title='bbox 1121 636 1321 696; x_wconf 86' lang='lat' dir='ltr'><strong>vitalia</strong></span> <span class='ocrx_word' id='word_1_38' title='bbox 1363 636 1576 697; x_wconf 82' lang='lat' dir='ltr'><strong>lucent.</strong></span> <span class='ocrx_word' id='word_1_39' title='bbox 1616 661 1623 670; x_wconf 57' lang='lat'><em>¹</em></span> 
     </span>
     <span class='ocr_line' id='line_1_7' title="bbox 203 718 1912 799; baseline 0.002 -20"><span class='ocrx_word' id='word_1_40' title='bbox 203 718 335 780; x_wconf 88' lang='lat' dir='ltr'><strong>Nec</strong></span> <span class='ocrx_word' id='word_1_41' title='bbox 378 720 652 780; x_wconf 85' lang='lat' dir='ltr'><strong>frustrata</strong></span> <span class='ocrx_word' id='word_1_42' title='bbox 691 739 925 798; x_wconf 89' lang='lat' dir='ltr'><strong>manus,</strong></span> <span class='ocrx_word' id='word_1_43' title='bbox 970 729 1331 799; x_wconf 87' lang='lat' dir='ltr'><strong>mortemque</strong></span> <span class='ocrx_word' id='word_1_44' title='bbox 1376 722 1674 782; x_wconf 88' lang='lat' dir='ltr'><strong>invenerat</strong></span> <span class='ocrx_word' id='word_1_45' title='bbox 1715 720 1912 791; x_wconf 54' lang='lat' dir='ltr'><strong>hasim</strong></span> 
     </span>
     <span class='ocr_line' id='line_1_8' title="bbox 205 804 1766 884; baseline 0.001 -20"><span class='ocrx_word' id='word_1_46' title='bbox 205 805 330 865; x_wconf 87' lang='lat' dir='ltr'><strong>Sed</strong></span> <span class='ocrx_word' id='word_1_47' title='bbox 363 804 636 884; x_wconf 81' lang='lat' dir='ltr'><strong>prohibet</strong></span> <span class='ocrx_word' id='word_1_48' title='bbox 677 805 1023 883; x_wconf 79' lang='lat' dir='ltr'><strong>paulumque</strong></span> <span class='ocrx_word' id='word_1_49' title='bbox 1067 805 1290 865; x_wconf 84' lang='lat' dir='ltr'><strong>humeri</strong></span> <span class='ocrx_word' id='word_1_50' title='bbox 1329 805 1514 866; x_wconf 87' lang='lat' dir='ltr'><strong>libare</strong></span> <span class='ocrx_word' id='word_1_51' title='bbox 1552 808 1766 867; x_wconf 77' lang='lat' dir='ltr'><strong>sinistri</strong></span> 
     </span>
     <span class='ocr_line' id='line_1_9' title="bbox 204 887 1581 969; baseline 0.001 -21"><span class='ocrx_word' id='word_1_52' title='bbox 204 887 481 949; x_wconf 78' lang='lat' dir='ltr'><strong>Praebuit</strong></span> <span class='ocrx_word' id='word_1_53' title='bbox 528 899 586 949; x_wconf 90' lang='lat' dir='ltr'><strong>et</strong></span> <span class='ocrx_word' id='word_1_54' title='bbox 623 891 826 950; x_wconf 82' lang='lat' dir='ltr'><strong>merito</strong></span> <span class='ocrx_word' id='word_1_55' title='bbox 871 891 1058 969; x_wconf 84' lang='lat' dir='ltr'><strong>parcit</strong></span> <span class='ocrx_word' id='word_1_56' title='bbox 1100 890 1353 950; x_wconf 79' lang='lat' dir='ltr'><strong>Tritonia</strong></span> <span class='ocrx_word' id='word_1_57' title='bbox 1396 891 1581 951; x_wconf 76' lang='lat' dir='ltr'><strong>fratri.</strong></span> 
     </span>
     <span class='ocr_line' id='line_1_10' title="bbox 204 973 2199 1042; baseline 0.004 -9"><span class='ocrx_word' id='word_1_58' title='bbox 204 973 315 1034; x_wconf 89' lang='lat' dir='ltr'><strong>Ille</strong></span> <span class='ocrx_word' id='word_1_59' title='bbox 351 983 542 1034; x_wconf 82' lang='lat' dir='ltr'><strong>tamen</strong></span> <span class='ocrx_word' id='word_1_60' title='bbox 577 992 690 1034; x_wconf 87' lang='lat' dir='ltr'><strong>nec</strong></span> <span class='ocrx_word' id='word_1_61' title='bbox 723 983 877 1035; x_wconf 87' lang='lat' dir='ltr'><strong>stare</strong></span> <span class='ocrx_word' id='word_1_62' title='bbox 920 975 1056 1035; x_wconf 87' lang='lat' dir='ltr'><strong>loco</strong></span> <span class='ocrx_word' id='word_1_63' title='bbox 1096 993 1208 1034; x_wconf 90' lang='lat' dir='ltr'><strong>nec</strong></span> <span class='ocrx_word' id='word_1_64' title='bbox 1253 976 1511 1034; x_wconf 88' lang='lat' dir='ltr'><strong>cominus</strong></span> <span class='ocrx_word' id='word_1_65' title='bbox 1548 977 1637 1036; x_wconf 86' lang='lat' dir='ltr'><strong>ire</strong></span> <span class='ocrx_word' id='word_1_66' title='bbox 2095 988 2199 1042; x_wconf 76' lang='lat'><strong>530</strong></span> 
     </span>
     <span class='ocr_line' id='line_1_11' title="bbox 203 1058 1628 1138; baseline 0.002 -20"><span class='ocrx_word' id='word_1_67' title='bbox 203 1058 474 1137; x_wconf 86' lang='lat' dir='ltr'><strong>Amplius</strong></span> <span class='ocrx_word' id='word_1_68' title='bbox 514 1068 609 1119; x_wconf 88' lang='lat' dir='ltr'><strong>aut</strong></span> <span class='ocrx_word' id='word_1_69' title='bbox 649 1059 840 1119; x_wconf 86' lang='lat' dir='ltr'><strong>vultus</strong></span> <span class='ocrx_word' id='word_1_70' title='bbox 880 1059 1055 1119; x_wconf 86' lang='lat' dir='ltr'><strong>audet</strong></span> <span class='ocrx_word' id='word_1_71' title='bbox 1093 1059 1364 1138; x_wconf 84' lang='lat' dir='ltr'><strong>perferre</strong></span> <span class='ocrx_word' id='word_1_72' title='bbox 1406 1063 1628 1121; x_wconf 87' lang='lat' dir='ltr'><strong>cruenti</strong></span> 
     </span>
     <span class='ocr_line' id='line_1_12' title="bbox 214 1143 1669 1221; baseline 0.002 -19"><span class='ocrx_word' id='word_1_73' title='bbox 214 1143 484 1219; x_wconf 78' lang='lat' dir='ltr'><strong>Tydeos,</strong></span> <span class='ocrx_word' id='word_1_74' title='bbox 530 1161 707 1221; x_wconf 79' lang='lat' dir='ltr'><strong>aegra</strong></span> <span class='ocrx_word' id='word_1_75' title='bbox 750 1146 938 1204; x_wconf 80' lang='lat' dir='ltr'><strong>animo</strong></span> <span class='ocrx_word' id='word_1_76' title='bbox 973 1145 1063 1203; x_wconf 86' lang='lat' dir='ltr'><strong>vis</strong></span> <span class='ocrx_word' id='word_1_77' title='bbox 1105 1162 1174 1204; x_wconf 89' lang='lat' dir='ltr'><strong>ac</strong></span> <span class='ocrx_word' id='word_1_78' title='bbox 1217 1144 1426 1204; x_wconf 82' lang='lat' dir='ltr'><strong>fiducia</strong></span> <span class='ocrx_word' id='word_1_79' title='bbox 1471 1146 1669 1206; x_wconf 86' lang='lat' dir='ltr'><strong>cessit.</strong></span> 
     </span>
     <span class='ocr_line' id='line_1_13' title="bbox 210 1227 1618 1307; baseline 0.003 -21"><span class='ocrx_word' id='word_1_80' title='bbox 210 1227 417 1301; x_wconf 85' lang='lat' dir='ltr'><strong>Qualis</strong></span> <span class='ocrx_word' id='word_1_81' title='bbox 458 1230 769 1305; x_wconf 84' lang='lat' dir='ltr'><strong>setigeram</strong></span> <span class='ocrx_word' id='word_1_82' title='bbox 809 1228 1039 1289; x_wconf 84' lang='lat' dir='ltr'><strong>Lucana</strong></span> <span class='ocrx_word' id='word_1_83' title='bbox 1084 1228 1325 1307; x_wconf 80' lang='lat' dir='ltr'><strong>cuspide</strong></span> <span class='ocrx_word' id='word_1_84' title='bbox 1367 1229 1618 1290; x_wconf 88' lang='lat' dir='ltr'><strong>frontem</strong></span> 
     </span>
     <span class='ocr_line' id='line_1_14' title="bbox 209 1313 1805 1392; baseline 0.003 -21"><span class='ocrx_word' id='word_1_85' title='bbox 209 1313 457 1371; x_wconf 89' lang='lat' dir='ltr'><strong>Strictus</strong></span> <span class='ocrx_word' id='word_1_86' title='bbox 502 1331 674 1392; x_wconf 86' lang='lat' dir='ltr'><strong>aper,</strong></span> <span class='ocrx_word' id='word_1_87' title='bbox 718 1314 947 1392; x_wconf 87' lang='lat' dir='ltr'><strong>penitus</strong></span> <span class='ocrx_word' id='word_1_88' title='bbox 993 1314 1087 1373; x_wconf 89' lang='lat' dir='ltr'><strong>cui</strong></span> <span class='ocrx_word' id='word_1_89' title='bbox 1127 1330 1243 1373; x_wconf 82' lang='lat' dir='ltr'><strong>non</strong></span> <span class='ocrx_word' id='word_1_90' title='bbox 1291 1314 1512 1375; x_wconf 86' lang='lat' dir='ltr'><strong>infossa</strong></span> <span class='ocrx_word' id='word_1_91' title='bbox 1556 1315 1805 1376; x_wconf 84' lang='lat' dir='ltr'><strong>cerebro</strong></span> 
     </span>
     <span class='ocr_line' id='line_1_15' title="bbox 208 1396 2200 1474; baseline 0.003 -19"><span class='ocrx_word' id='word_1_92' title='bbox 208 1396 498 1473; x_wconf 78' lang='lat' dir='ltr'><strong>Vulnera,</strong></span> <span class='ocrx_word' id='word_1_93' title='bbox 543 1415 654 1457; x_wconf 86' lang='lat' dir='ltr'><strong>nec</strong></span> <span class='ocrx_word' id='word_1_94' title='bbox 697 1397 844 1457; x_wconf 81' lang='lat' dir='ltr'><strong>felix</strong></span> <span class='ocrx_word' id='word_1_95' title='bbox 885 1398 1126 1458; x_wconf 82' lang='lat' dir='ltr'><strong>dextrae</strong></span> <span class='ocrx_word' id='word_1_96' title='bbox 1169 1407 1377 1474; x_wconf 82' lang='lat' dir='ltr'><strong>tenor,</strong></span> <span class='ocrx_word' id='word_1_97' title='bbox 1421 1400 1479 1457; x_wconf 88' lang='lat' dir='ltr'><strong>in</strong></span> <span class='ocrx_word' id='word_1_98' title='bbox 1522 1398 1672 1459; x_wconf 88' lang='lat' dir='ltr'><strong>latus</strong></span> <span class='ocrx_word' id='word_1_99' title='bbox 1717 1402 1835 1460; x_wconf 89' lang='lat' dir='ltr'><strong>iras</strong></span> <span class='ocrx_word' id='word_1_100' title='bbox 2098 1409 2200 1467; x_wconf 80' lang='lat'><strong>535</strong></span> 
     </span>
     <span class='ocr_line' id='line_1_16' title="bbox 209 1480 1926 1561; baseline 0.002 -21"><span class='ocrx_word' id='word_1_101' title='bbox 209 1480 478 1558; x_wconf 79' lang='lat' dir='ltr'><strong>Frangit,</strong></span> <span class='ocrx_word' id='word_1_102' title='bbox 524 1491 581 1541; x_wconf 90' lang='lat' dir='ltr'><strong>et</strong></span> <span class='ocrx_word' id='word_1_103' title='bbox 625 1491 906 1561; x_wconf 72' lang='lat' dir='ltr'><strong>expertae</strong></span> <span class='ocrx_word' id='word_1_104' title='bbox 947 1484 1059 1542; x_wconf 83' lang='lat' dir='ltr'><strong>iam</strong></span> <span class='ocrx_word' id='word_1_105' title='bbox 1102 1495 1216 1541; x_wconf 90' lang='lat' dir='ltr'><strong>non</strong></span> <span class='ocrx_word' id='word_1_106' title='bbox 1255 1484 1413 1543; x_wconf 85' lang='lat' dir='ltr'><strong>venit</strong></span> <span class='ocrx_word' id='word_1_107' title='bbox 1455 1484 1663 1544; x_wconf 87' lang='lat' dir='ltr'><strong>obvius</strong></span> <span class='ocrx_word' id='word_1_108' title='bbox 1702 1485 1926 1546; x_wconf 74' lang='lat' dir='ltr'><strong>hastae.</strong></span> 
     </span>
    </p>

    <p class='ocr_par' dir='ltr' id='par_1_3' title="bbox 210 1564 2202 2577">
     <span class='ocr_line' id='line_1_17' title="bbox 337 1564 2065 1644; baseline 0.005 -20"><span class='ocrx_word' id='word_1_109' title='bbox 337 1564 534 1642; x_wconf 89' lang='lat' dir='ltr'><strong>Ecce,</strong></span> <span class='ocrx_word' id='word_1_110' title='bbox 582 1565 786 1625; x_wconf 87' lang='lat' dir='ltr'><strong>ducem</strong></span> <span class='ocrx_word' id='word_1_111' title='bbox 828 1575 1079 1642; x_wconf 71' lang='lat' dir='ltr'><strong>turmae,</strong></span> <span class='ocrx_word' id='word_1_112' title='bbox 1125 1576 1284 1626; x_wconf 85' lang='lat' dir='ltr'><strong>certa</strong></span> <span class='ocrx_word' id='word_1_113' title='bbox 1331 1567 1657 1644; x_wconf 84' lang='lat' dir='ltr'><strong>indignatus</strong></span> <span class='ocrx_word' id='word_1_114' title='bbox 1697 1571 1754 1630; x_wconf 89' lang='lat' dir='ltr'><strong>in</strong></span> <span class='ocrx_word' id='word_1_115' title='bbox 1795 1571 2021 1632; x_wconf 85' lang='lat' dir='ltr'><strong>hostem</strong></span> <span class='ocrx_word' id='word_1_116' title='bbox 2060 1619 2065 1624; x_wconf 85' lang='lat'><strong>.</strong></span> 
     </span>
     <span class='ocr_line' id='line_1_18' title="bbox 210 1649 1629 1729; baseline 0.003 -21"><span class='ocrx_word' id='word_1_117' title='bbox 210 1649 483 1728; x_wconf 81' lang='lat' dir='ltr'><strong>Spicula,</strong></span> <span class='ocrx_word' id='word_1_118' title='bbox 531 1649 691 1710; x_wconf 87' lang='lat' dir='ltr'><strong>felici</strong></span> <span class='ocrx_word' id='word_1_119' title='bbox 735 1649 1048 1710; x_wconf 79' lang='lat' dir='ltr'><strong>Prothoum</strong></span> <span class='ocrx_word' id='word_1_120' title='bbox 1088 1660 1364 1729; x_wconf 84' lang='lat' dir='ltr'><strong>torquere</strong></span> <span class='ocrx_word' id='word_1_121' title='bbox 1404 1652 1629 1712; x_wconf 87' lang='lat' dir='ltr'><strong>lacerto</strong></span> 
     </span>
     <span class='ocr_line' id='line_1_19' title="bbox 212 1732 1642 1814; baseline 0.001 -21"><span class='ocrx_word' id='word_1_122' title='bbox 212 1734 501 1795; x_wconf 88' lang='lat' dir='ltr'><strong>Turbidus</strong></span> <span class='ocrx_word' id='word_1_123' title='bbox 545 1732 833 1810; x_wconf 87' lang='lat' dir='ltr'><strong>Oenides,</strong></span> <span class='ocrx_word' id='word_1_124' title='bbox 879 1753 991 1795; x_wconf 76' lang='lat' dir='ltr'><strong>una</strong></span> <span class='ocrx_word' id='word_1_125' title='bbox 1034 1734 1146 1795; x_wconf 90' lang='lat' dir='ltr'><strong>duo</strong></span> <span class='ocrx_word' id='word_1_126' title='bbox 1192 1753 1447 1814; x_wconf 84' lang='lat' dir='ltr'><strong>corpora</strong></span> <span class='ocrx_word' id='word_1_127' title='bbox 1485 1739 1642 1814; x_wconf 81' lang='lat' dir='ltr'><strong>pinu,</strong></span> 
     </span>
     <span class='ocr_line' id='line_1_20' title="bbox 214 1818 2202 1898; baseline 0.005 -19"><span class='ocrx_word' id='word_1_128' title='bbox 214 1818 722 1898; x_wconf 81' lang='lat' dir='ltr'><strong>Cornipedemque</strong></span> <span class='ocrx_word' id='word_1_129' title='bbox 766 1821 1135 1898; x_wconf 79' lang='lat' dir='ltr'><strong>equitemque</strong></span> <span class='ocrx_word' id='word_1_130' title='bbox 1171 1820 1327 1879; x_wconf 85' lang='lat' dir='ltr'><strong>ferit.</strong></span> <span class='ocrx_word' id='word_1_131' title='bbox 1415 1819 1565 1879; x_wconf 83' lang='lat' dir='ltr'><strong>Ruit·</strong></span> <span class='ocrx_word' id='word_1_132' title='bbox 1589 1821 1688 1880; x_wconf 91' lang='lat' dir='ltr'><strong>ille</strong></span> <span class='ocrx_word' id='word_1_133' title='bbox 1733 1832 1996 1884; x_wconf 87' lang='lat' dir='ltr'><strong>ruentem</strong></span> <span class='ocrx_word' id='word_1_134' title='bbox 2097 1835 2202 1888; x_wconf 80' lang='lat'><strong>540</strong></span> 
     </span>
     <span class='ocr_line' id='line_1_21' title="bbox 210 1903 1908 1983; baseline 0.002 -19"><span class='ocrx_word' id='word_1_135' title='bbox 210 1903 278 1964; x_wconf 89' lang='lat' dir='ltr'><strong>In</strong></span> <span class='ocrx_word' id='word_1_136' title='bbox 320 1903 662 1979; x_wconf 86' lang='lat' dir='ltr'><strong>Prothoum,</strong></span> <span class='ocrx_word' id='word_1_137' title='bbox 710 1903 1022 1983; x_wconf 79' lang='lat' dir='ltr'><strong>lapsasque</strong></span> <span class='ocrx_word' id='word_1_138' title='bbox 1064 1923 1233 1965; x_wconf 89' lang='lat' dir='ltr'><strong>manu</strong></span> <span class='ocrx_word' id='word_1_139' title='bbox 1278 1906 1611 1983; x_wconf 86' lang='lat' dir='ltr'><strong>quaerentis</strong></span> <span class='ocrx_word' id='word_1_140' title='bbox 1653 1905 1908 1967; x_wconf 85' lang='lat' dir='ltr'><strong>habenas</strong></span> 
     </span>
     <span class='ocr_line' id='line_1_22' title="bbox 212 1988 1843 2070; baseline 0 -19"><span class='ocrx_word' id='word_1_141' title='bbox 212 1988 279 2051; x_wconf 87' lang='lat' dir='ltr'><strong>In</strong></span> <span class='ocrx_word' id='word_1_142' title='bbox 321 1989 511 2048; x_wconf 84' lang='lat' dir='ltr'><strong>vultus</strong></span> <span class='ocrx_word' id='word_1_143' title='bbox 551 1988 781 2066; x_wconf 83' lang='lat' dir='ltr'><strong>galeam</strong></span> <span class='ocrx_word' id='word_1_144' title='bbox 832 1989 1199 2068; x_wconf 81' lang='lat' dir='ltr'><strong>clipeumque</strong></span> <span class='ocrx_word' id='word_1_145' title='bbox 1237 1991 1298 2049; x_wconf 86' lang='lat' dir='ltr'><strong>in</strong></span> <span class='ocrx_word' id='word_1_146' title='bbox 1341 2000 1585 2069; x_wconf 85' lang='lat' dir='ltr'><strong>pectora</strong></span> <span class='ocrx_word' id='word_1_147' title='bbox 1636 1989 1843 2070; x_wconf 79' lang='lat' dir='ltr'><strong>calcat,</strong></span> 
     </span>
     <span class='ocr_line' id='line_1_23' title="bbox 212 2074 1720 2152; baseline -0.003 -15"><span class='ocrx_word' id='word_1_148' title='bbox 212 2075 456 2137; x_wconf 85' lang='lat' dir='ltr'><strong>Saucius</strong></span> <span class='ocrx_word' id='word_1_149' title='bbox 501 2082 761 2133; x_wconf 81' lang='lat' dir='ltr'><strong>extremo</strong></span> <span class='ocrx_word' id='word_1_150' title='bbox 805 2074 993 2134; x_wconf 85' lang='lat' dir='ltr'><strong>donec</strong></span> <span class='ocrx_word' id='word_1_151' title='bbox 1035 2093 1161 2134; x_wconf 87' lang='lat' dir='ltr'><strong>cum</strong></span> <span class='ocrx_word' id='word_1_152' title='bbox 1205 2076 1484 2152; x_wconf 77' lang='lat' dir='ltr'><strong>sanguine</strong></span> <span class='ocrx_word' id='word_1_153' title='bbox 1517 2076 1720 2135; x_wconf 86' lang='lat' dir='ltr'><strong>frenos</strong></span> 
     </span>
     <span class='ocr_line' id='line_1_24' title="bbox 215 2158 1698 2239; baseline -0.001 -20"><span class='ocrx_word' id='word_1_154' title='bbox 215 2158 462 2239; x_wconf 87' lang='lat' dir='ltr'><strong>Respuit</strong></span> <span class='ocrx_word' id='word_1_155' title='bbox 506 2167 564 2219; x_wconf 86' lang='lat' dir='ltr'><strong>et</strong></span> <span class='ocrx_word' id='word_1_156' title='bbox 606 2160 797 2219; x_wconf 89' lang='lat' dir='ltr'><strong>iuncta</strong></span> <span class='ocrx_word' id='word_1_157' title='bbox 840 2158 1070 2219; x_wconf 87' lang='lat' dir='ltr'><strong>domino</strong></span> <span class='ocrx_word' id='word_1_158' title='bbox 1116 2161 1351 2220; x_wconf 79' lang='lat' dir='ltr'><strong>cervice</strong></span> <span class='ocrx_word' id='word_1_159' title='bbox 1393 2160 1698 2220; x_wconf 77' lang='lat' dir='ltr'><strong>recumbit.</strong></span> 
     </span>
     <span class='ocr_line' id='line_1_25' title="bbox 213 2243 2202 2323; baseline 0.003 -18"><span class='ocrx_word' id='word_1_160' title='bbox 213 2246 314 2306; x_wconf 90' lang='lat' dir='ltr'><strong>Sic</strong></span> <span class='ocrx_word' id='word_1_161' title='bbox 350 2243 537 2304; x_wconf 89' lang='lat' dir='ltr'><strong>ulmus</strong></span> <span class='ocrx_word' id='word_1_162' title='bbox 577 2245 858 2322; x_wconf 78' lang='lat' dir='ltr'><strong>vitisque,</strong></span> <span class='ocrx_word' id='word_1_163' title='bbox 903 2243 1125 2323; x_wconf 75' lang='lat' dir='ltr'><strong>duplex</strong></span> <span class='ocrx_word' id='word_1_164' title='bbox 1162 2246 1385 2305; x_wconf 78' lang='lat' dir='ltr'><strong>iactura</strong></span> <span class='ocrx_word' id='word_1_165' title='bbox 1425 2246 1663 2320; x_wconf 53' lang='lat' dir='ltr'><strong>colonis</strong></span> <span class='ocrx_word' id='word_1_166' title='bbox 2101 2256 2202 2310; x_wconf 73' lang='lat'><strong>545</strong></span> 
     </span>
     <span class='ocr_line' id='line_1_26' title="bbox 214 2328 1987 2412; baseline -0.001 -22"><span class='ocrx_word' id='word_1_167' title='bbox 214 2329 481 2391; x_wconf 89' lang='lat' dir='ltr'><strong>Gaurano</strong></span> <span class='ocrx_word' id='word_1_168' title='bbox 523 2328 598 2389; x_wconf 88' lang='lat' dir='ltr'><strong>de</strong></span> <span class='ocrx_word' id='word_1_169' title='bbox 643 2337 835 2388; x_wconf 85' lang='lat' dir='ltr'><strong>monte</strong></span> <span class='ocrx_word' id='word_1_170' title='bbox 877 2329 1121 2404; x_wconf 75' lang='lat' dir='ltr'><strong>eadunt,</strong></span> <span class='ocrx_word' id='word_1_171' title='bbox 1163 2329 1270 2390; x_wconf 88' lang='lat' dir='ltr'><strong>sed</strong></span> <span class='ocrx_word' id='word_1_172' title='bbox 1309 2332 1590 2389; x_wconf 87' lang='lat' dir='ltr'><strong>moestior-</strong></span> <span class='ocrx_word' id='word_1_173' title='bbox 1637 2329 1818 2389; x_wconf 89' lang='lat' dir='ltr'><strong>ulmus</strong></span> <span class='ocrx_word' id='word_1_174' title='bbox 1982 2407 1987 2412; x_wconf 82' lang='lat'>.</span> 
     </span>
     <span class='ocr_line' id='line_1_27' title="bbox 216 2414 2071 2492; baseline 0.001 -18"><span class='ocrx_word' id='word_1_175' title='bbox 216 2414 458 2488; x_wconf 85' lang='lat' dir='ltr'><strong>Quaerit</strong></span> <span class='ocrx_word' id='word_1_176' title='bbox 500 2421 796 2492; x_wconf 83' lang='lat' dir='ltr'><strong>utrumque</strong></span> <span class='ocrx_word' id='word_1_177' title='bbox 836 2427 1066 2489; x_wconf 88' lang='lat' dir='ltr'><strong>nemus,</strong></span> <span class='ocrx_word' id='word_1_178' title='bbox 1109 2432 1221 2474; x_wconf 90' lang='lat' dir='ltr'><strong>nec</strong></span> <span class='ocrx_word' id='word_1_179' title='bbox 1265 2423 1380 2474; x_wconf 90' lang='lat' dir='ltr'><strong>tam</strong></span> <span class='ocrx_word' id='word_1_180' title='bbox 1423 2432 1525 2475; x_wconf 85' lang='lat' dir='ltr'><strong>sua</strong></span> <span class='ocrx_word' id='word_1_181' title='bbox 1564 2414 1803 2475; x_wconf 86' lang='lat' dir='ltr'><strong>brachia</strong></span> <span class='ocrx_word' id='word_1_182' title='bbox 1846 2414 2071 2492; x_wconf 88' lang='lat' dir='ltr'><strong>labens,</strong></span> 
     </span>
     <span class='ocr_line' id='line_1_28' title="bbox 217 2499 1741 2577; baseline -0.002 -17"><span class='ocrx_word' id='word_1_183' title='bbox 217 2499 401 2574; x_wconf 84' lang='lat' dir='ltr'><strong>Quam</strong></span> <span class='ocrx_word' id='word_1_184' title='bbox 436 2499 615 2577; x_wconf 82' lang='lat' dir='ltr'><strong>gemit</strong></span> <span class='ocrx_word' id='word_1_185' title='bbox 654 2500 1245 2576; x_wconf 64' lang='lat' dir='ltr'><strong>assuetassinvitaque</strong></span> <span class='ocrx_word' id='word_1_186' title='bbox 1286 2500 1534 2577; x_wconf 80' lang='lat' dir='ltr'><strong>proterit</strong></span> <span class='ocrx_word' id='word_1_187' title='bbox 1579 2517 1741 2558; x_wconf 84' lang='lat' dir='ltr'><strong>uvas.</strong></span> 
     </span>
    </p>

    <p class='ocr_par' dir='ltr' id='par_1_4' title="bbox 211 2581 2204 3069">
     <span class='ocr_line' id='line_1_29' title="bbox 336 2581 1972 2663; baseline 0.001 -18"><span class='ocrx_word' id='word_1_188' title='bbox 336 2585 675 2663; x_wconf 86' lang='lat' dir='ltr'><strong>Sumpserat</strong></span> <span class='ocrx_word' id='word_1_189' title='bbox 709 2585 765 2642; x_wconf 89' lang='lat' dir='ltr'><strong>in</strong></span> <span class='ocrx_word' id='word_1_190' title='bbox 799 2583 1039 2644; x_wconf 60' lang='lat' dir='ltr'><strong>Danaos</strong></span> <span class='ocrx_word' id='word_1_191' title='bbox 1077 2582 1415 2644; x_wconf 84' lang='lat' dir='ltr'><strong>Heliconius</strong></span> <span class='ocrx_word' id='word_1_192' title='bbox 1460 2599 1616 2644; x_wconf 80' lang='lat' dir='ltr'><strong>arma</strong></span> <span class='ocrx_word' id='word_1_193' title='bbox 1665 2581 1972 2646; x_wconf 86' lang='lat' dir='ltr'><strong>Coroebus</strong></span> 
     </span>
     <span class='ocr_line' id='line_1_30' title="bbox 215 2666 2204 2747; baseline -0.001 -19"><span class='ocrx_word' id='word_1_194' title='bbox 215 2669 369 2729; x_wconf 90' lang='lat' dir='ltr'><strong>Ante</strong></span> <span class='ocrx_word' id='word_1_195' title='bbox 415 2686 614 2729; x_wconf 89' lang='lat' dir='ltr'><strong>comes</strong></span> <span class='ocrx_word' id='word_1_196' title='bbox 650 2666 861 2744; x_wconf 84' lang='lat' dir='ltr'><strong>Musis,</strong></span> <span class='ocrx_word' id='word_1_197' title='bbox 908 2669 1096 2744; x_wconf 74' lang='lat' dir='ltr'><strong>Stygii</strong></span> <span class='ocrx_word' id='word_1_198' title='bbox 1131 2670 1222 2728; x_wconf 89' lang='lat' dir='ltr'><strong>cui</strong></span> <span class='ocrx_word' id='word_1_199' title='bbox 1265 2670 1501 2729; x_wconf 84' lang='lat' dir='ltr'><strong>conscia</strong></span> <span class='ocrx_word' id='word_1_200' title='bbox 1548 2670 1713 2747; x_wconf 89' lang='lat' dir='ltr'><strong>pensi</strong></span> <span class='ocrx_word' id='word_1_201' title='bbox 2099 2683 2204 2734; x_wconf 77' lang='lat'><strong>550</strong></span> 
     </span>
     <span class='ocr_line' id='line_1_31' title="bbox 211 2753 1855 2830; baseline -0.001 -16"><span class='ocrx_word' id='word_1_202' title='bbox 211 2753 350 2830; x_wconf 85' lang='lat' dir='ltr'><strong>Ipsa</strong></span> <span class='ocrx_word' id='word_1_203' title='bbox 391 2753 486 2813; x_wconf 86' lang='lat' dir='ltr'><strong>diu</strong></span> <span class='ocrx_word' id='word_1_204' title='bbox 526 2753 807 2830; x_wconf 88' lang='lat' dir='ltr'><strong>inspectis</strong></span> <span class='ocrx_word' id='word_1_205' title='bbox 845 2753 1022 2812; x_wconf 87' lang='lat' dir='ltr'><strong>letum</strong></span> <span class='ocrx_word' id='word_1_206' title='bbox 1066 2754 1436 2830; x_wconf 85' lang='lat' dir='ltr'><strong>praedixerat</strong></span> <span class='ocrx_word' id='word_1_207' title='bbox 1480 2755 1650 2814; x_wconf 86' lang='lat' dir='ltr'><strong>astris</strong></span> <span class='ocrx_word' id='word_1_208' title='bbox 1848 2765 1855 2772; x_wconf 85' lang='lat'>&#39;</span> 
     </span>
     <span class='ocr_line' id='line_1_32' title="bbox 216 2835 1822 2917; baseline 0.001 -20"><span class='ocrx_word' id='word_1_209' title='bbox 216 2838 451 2898; x_wconf 86' lang='lat' dir='ltr'><strong>Uranie.</strong></span> <span class='ocrx_word' id='word_1_210' title='bbox 531 2835 704 2916; x_wconf 90' lang='lat' dir='ltr'><strong>Cupit</strong></span> <span class='ocrx_word' id='word_1_211' title='bbox 746 2836 850 2895; x_wconf 90' lang='lat' dir='ltr'><strong>ille</strong></span> <span class='ocrx_word' id='word_1_212' title='bbox 888 2846 1110 2912; x_wconf 88' lang='lat' dir='ltr'><strong>tamen,</strong></span> <span class='ocrx_word' id='word_1_213' title='bbox 1157 2856 1497 2916; x_wconf 86' lang='lat' dir='ltr'><strong>pugnasque</strong></span> <span class='ocrx_word' id='word_1_214' title='bbox 1544 2841 1822 2917; x_wconf 86' lang='lat' dir='ltr'><strong>virosque</strong></span> 
     </span>
     <span class='ocr_line' id='line_1_33' title="bbox 214 2921 1792 3002; baseline 0.001 -20"><span class='ocrx_word' id='word_1_215' title='bbox 214 2921 483 2983; x_wconf 88' lang='lat' dir='ltr'><strong>Forsitan</strong></span> <span class='ocrx_word' id='word_1_216' title='bbox 524 2931 587 2981; x_wconf 93' lang='lat' dir='ltr'><strong>ut</strong></span> <span class='ocrx_word' id='word_1_217' title='bbox 630 2929 896 2989; x_wconf 82' lang='lat' dir='ltr'><strong>caneret3</strong></span> <span class='ocrx_word' id='word_1_218' title='bbox 934 2921 1112 2998; x_wconf 83' lang='lat' dir='ltr'><strong>longa</strong></span> <span class='ocrx_word' id='word_1_219' title='bbox 1149 2924 1301 2982; x_wconf 87' lang='lat' dir='ltr'><strong>iacet</strong></span> <span class='ocrx_word' id='word_1_220' title='bbox 1333 2926 1460 3002; x_wconf 87' lang='lat' dir='ltr'><strong>ipse</strong></span> <span class='ocrx_word' id='word_1_221' title='bbox 1499 2924 1792 2984; x_wconf 87' lang='lat' dir='ltr'><strong>canendus</strong></span> 
     </span>
     <span class='ocr_line' id='line_1_34' title="bbox 211 3006 1712 3083; baseline 0.001 -16"><span class='ocrx_word' id='word_1_222' title='bbox 211 3006 444 3083; x_wconf 87' lang='lat' dir='ltr'><strong>Laude,</strong></span> <span class='ocrx_word' id='word_1_223' title='bbox 489 3006 597 3067; x_wconf 88' lang='lat' dir='ltr'><strong>sed</strong></span> <span class='ocrx_word' id='word_1_224' title='bbox 642 3007 912 3066; x_wconf 86' lang='lat' dir='ltr'><strong>amissum</strong></span> <span class='ocrx_word' id='word_1_225' title='bbox 953 3014 1144 3065; x_wconf 88' lang='lat' dir='ltr'><strong>mutae</strong></span> <span class='ocrx_word' id='word_1_226' title='bbox 1184 3006 1405 3067; x_wconf 86' lang='lat' dir='ltr'><strong>flevere</strong></span> <span class='ocrx_word' id='word_1_227' title='bbox 1454 3026 1712 3069; x_wconf 84' lang='lat' dir='ltr'><strong>sorores.</strong></span> 
     </span>
    </p>

    <p class='ocr_par' dir='ltr' id='par_1_5' title="bbox 213 3090 2204 3510">
     <span class='ocr_line' id='line_1_35' title="bbox 344 3090 2204 3192; baseline 0.002 -41"><span class='ocrx_word' id='word_1_228' title='bbox 344 3091 550 3152; x_wconf 90' lang='lat' dir='ltr'><strong>Pactus</strong></span> <span class='ocrx_word' id='word_1_229' title='bbox 595 3090 964 3168; x_wconf 80' lang='lat' dir='ltr'><strong>Agenoream</strong></span> <span class='ocrx_word' id='word_1_230' title='bbox 1009 3091 1207 3192; x_wconf 82' lang='lat' dir='ltr'><strong>primis</strong></span> <span class='ocrx_word' id='word_1_231' title='bbox 1250 3091 1397 3168; x_wconf 75' lang='lat' dir='ltr'><strong>Atys</strong></span> <span class='ocrx_word' id='word_1_232' title='bbox 1436 3093 1553 3154; x_wconf 90' lang='lat' dir='ltr'><strong>ibat</strong></span> <span class='ocrx_word' id='word_1_233' title='bbox 1592 3093 1665 3154; x_wconf 88' lang='lat' dir='ltr'><strong>ab</strong></span> <span class='ocrx_word' id='word_1_234' title='bbox 1709 3095 1874 3154; x_wconf 83' lang='lat' dir='ltr'><strong>annis</strong></span> <span class='ocrx_word' id='word_1_235' title='bbox 2103 3103 2204 3155; x_wconf 80' lang='lat'><strong>555</strong></span> 
     </span>
     <span class='ocr_line' id='line_1_36' title="bbox 213 3171 1690 3253; baseline 0.001 -17"><span class='ocrx_word' id='word_1_236' title='bbox 213 3175 483 3237; x_wconf 88' lang='lat' dir='ltr'><strong>Ismenen</strong></span> <span class='ocrx_word' id='word_1_237' title='bbox 525 3211 605 3222; x_wconf 82' lang='lat'><strong>—-</strong></span> <span class='ocrx_word' id='word_1_238' title='bbox 646 3175 804 3251; x_wconf 76' lang='lat' dir='ltr'><strong>Tyrii</strong></span> <span class='ocrx_word' id='word_1_239' title='bbox 845 3171 1069 3238; x_wconf 62' lang='lat' dir='ltr'><strong>mven&#39;ffi</strong></span> <span class='ocrx_word' id='word_1_240' title='bbox 1105 3191 1223 3234; x_wconf 85' lang='lat' dir='ltr'><strong>non</strong></span> <span class='ocrx_word' id='word_1_241' title='bbox 1266 3176 1486 3239; x_wconf 80' lang='lat' dir='ltr'><strong>advena</strong></span> <span class='ocrx_word' id='word_1_242' title='bbox 1526 3178 1690 3253; x_wconf 86' lang='lat' dir='ltr'><strong>belli,</strong></span> 
     </span>
     <span class='ocr_line' id='line_1_37' title="bbox 216 3258 1963 3337; baseline 0 -17"><span class='ocrx_word' id='word_1_243' title='bbox 216 3261 492 3334; x_wconf 75' lang='lat' dir='ltr'><strong>Quamvis</strong></span> <span class='ocrx_word' id='word_1_244' title='bbox 534 3258 755 3337; x_wconf 76' lang='lat' dir='ltr'><strong>Cyrrha</strong></span> <span class='ocrx_word' id='word_1_245' title='bbox 791 3260 1029 3337; x_wconf 78' lang='lat' dir='ltr'><strong>domus,</strong></span> <span class='ocrx_word' id='word_1_246' title='bbox 1074 3275 1318 3321; x_wconf 79' lang='lat' dir='ltr'><strong>soceros</strong></span> <span class='ocrx_word' id='word_1_247' title='bbox 1360 3281 1472 3322; x_wconf 85' lang='lat' dir='ltr'><strong>nee</strong></span> <span class='ocrx_word' id='word_1_248' title='bbox 1514 3262 1774 3323; x_wconf 79' lang='lat' dir='ltr'><strong>tristibus</strong></span> <span class='ocrx_word' id='word_1_249' title='bbox 1818 3262 1963 3321; x_wconf 88' lang='lat' dir='ltr'><strong>actis</strong></span> 
     </span>
     <span class='ocr_line' id='line_1_38' title="bbox 213 3345 1885 3424; baseline -0.001 -20"><span class='ocrx_word' id='word_1_250' title='bbox 213 3345 578 3407; x_wconf 85' lang='lat' dir='ltr'><strong>Adversatus</strong></span> <span class='ocrx_word' id='word_1_251' title='bbox 624 3355 777 3423; x_wconf 86' lang='lat' dir='ltr'><strong>erat,</strong></span> <span class='ocrx_word' id='word_1_252' title='bbox 809 3373 908 3392; x_wconf 79' lang='lat'>·-——-</span> <span class='ocrx_word' id='word_1_253' title='bbox 925 3362 1254 3424; x_wconf 15' lang='lat' dir='ltr'><strong>wsponsam</strong></span> <span class='ocrx_word' id='word_1_254' title='bbox 1303 3348 1393 3406; x_wconf 90' lang='lat' dir='ltr'><strong>cui</strong></span> <span class='ocrx_word' id='word_1_255' title='bbox 1439 3357 1632 3408; x_wconf 87' lang='lat' dir='ltr'><strong>castus</strong></span> <span class='ocrx_word' id='word_1_256' title='bbox 1678 3346 1885 3407; x_wconf 88' lang='lat' dir='ltr'><strong>amanti</strong></span> 
     </span>
     <span class='ocr_line' id='line_1_39' title="bbox 215 3431 1736 3510; baseline -0.001 -19"><span class='ocrx_word' id='word_1_257' title='bbox 215 3431 503 3509; x_wconf 88' lang='lat' dir='ltr'><strong>Squalor,</strong></span> <span class='ocrx_word' id='word_1_258' title='bbox 546 3439 604 3492; x_wconf 87' lang='lat' dir='ltr'><strong>et</strong></span> <span class='ocrx_word' id='word_1_259' title='bbox 644 3431 864 3510; x_wconf 72' lang='lat' dir='ltr'><strong>indigui</strong></span> <span class='ocrx_word' id='word_1_260' title='bbox 905 3431 1267 3494; x_wconf 84' lang='lat' dir='ltr'><strong>commendat</strong></span> <span class='ocrx_word' id='word_1_261' title='bbox 1306 3433 1493 3509; x_wconf 72' lang='lat' dir='ltr'><strong>gratia</strong></span> <span class='ocrx_word' id='word_1_262' title='bbox 1529 3433 1736 3492; x_wconf 80' lang='lat' dir='ltr'><strong>luctus.</strong></span> 
     </span>
    </p>
   </div>
  </div>
 </body>
</html>
