2517 3909
362 143 478 203 140
1024 152 1090 202 Ρ.
1133 150 1404 202 PAan
1445 150 1677 202 STA‘rn

352 310 526 386 Quod
560 308 670 370 nisi
710 307 1057 389 praecipitat
1095 326 1321 389 pugnas
1364 307 1639 389 dictoque
1683 307 1934 371 iubentis

352 394 531 457 Ocius
572 394 816 473 inpingit
857 389 1047 469 Tyriis
1091 392 1295 454 Danaa
1336 394 1562 471 agmina
1603 395 1802 472 muris,

348 478 447 541 Nil
491 479 760 559 equidem
805 478 1046 540 crudele
1089 479 1305 547 minor3
1350 478 1427 538 sit
1467 480 1605 542 mite
1645 479 1972 559 bonumque

349 562 607 642 Numen,
655 572 714 623 et
748 563 954 624 effreni
996 561 1267 626 laxentur
1305 563 1363 622 in
1399 564 1517 623 otia
1554 581 1804 630 mores..

352 648 582 710 Reddat
623 664 808 728 equos
854 665 1172 728 ensemque
1214 647 1384 724 mibi,
1426 666 1541 709 aec
1580 648 1876 727 sanguinis
1917 647 2068 709 ultra

351 732 449 795 Ius
495 733 631 794 erit:
677 731 994 812 adspiciam
1029 740 1220 792 terras
1254 748 1579 811 pacemque
1623 733 1839 798 iubebo

355 816 660 894 Omnibus,
707 814 937 895 Ogygio
981 826 1074 878 sat
1114 818 1224 878 erit
1265 814 1525 878 Tritonia
1560 817 1768 880 bello?

477 901 752 978 Dixerat,
799 910 860 962 et
901 900 1186 962 Thracum
1227 898 1529 977 Cyllenius
1567 920 1705 963 arva
1751 900 2008 971 subibat;

350 987 550 1068 Atque
588 986 747 1046 illum
789 985 1046 1047 Arctoae
1089 983 1381 1047 labentem
1426 986 1661 1047 cardine
1700 995 1909 1066 portae

356 1072 700 1150 Tempestas
743 1080 982 1132 aeterna
1019 1071 1232 1150 plagae
1271 1079 1689 1151 praetentaque
1733 1069 1907 1131 coelo

352 1156 604 1236 Agmina
644 1154 967 1216 nimborum
1007 1155 1291 1236 primique
1331 1154 1640 1234 Aquilonis
1680 1153 1871 1216 hiatus

357 1240 425 1304 In
461 1240 694 1303 diversa
732 1240 950 1306 feruntz
988 1248 1189 1319 crepat
1232 1256 1410 1300 aurea
1453 1239 1731 1318 grandine
1770 1239 1945 1301 multa

356 1324 552 1402 Palla,
590 1342 703 1385 nec
743 1323 983 1386 Arcadii
1020 1324 1177 1384 bene
1221 1325 1481 1404 protegit
1516 1323 1718 1385 umbra
1756 1323 1966 1403 galeri.

483 1409 593 1469 Hic
635 1408 873 1469 steriles
909 1407 1154 1469 delubra
1196 1417 1361 1470 notat
1398 1407 1682 1470 Mavortia
1714 1408 1919 1487 silvas,

358 1493 780 1572 Horrescitque
816 1501 1018 1569 tuens,
1064 1492 1164 1553 ubi
1204 1493 1367 1554 mille
1407 1493 1699 1555 furoribus
1735 1493 1822 1553 iili

360 1576 621 1655 Cingitur
661 1576 912 1638 adverso
955 1576 1160 1638 domus
1199 1578 1553 1639 inmansueta
1593 1577 1701 1639 sub
1740 1577 1979 1639 Haemo.

357 1661 578 1723 Ferrea
626 1678 911 1741 compago
949 1662 1228 1740 later-ni,
1266 1662 1429 1723 ferro
1471 1672 1631 1724 arcta
1671 1670 1930 1723 teruntur

360 1746 576 1808 Limina
592 1792 610 1825 ,
654 1747 886 1808 ferratis
925 1745 1254 1808 incumbunt
1295 1755 1450 1810 tecta
1486 1746 1792 1809 columnis.

358 1830 629 1892 Laeditur
673 1830 981 1892 adversum
1018 1830 1240 1892 Phoebi
1278 1831 1472 1909 iubar,
1517 1833 1762 1912 ipsaque
1804 1830 2008 1893 sedem

359 1915 485 1977 Lux
526 1918 719 1991 timet,
762 1924 823 1977 et
866 1915 1024 1977 dirus
1067 1916 1368 1977 contristat
1400 1917 1598 1978 sidera
1635 1916 1852 1994 fulgor.

480 1999 671 2079 Digna
707 2000 844 2061 loco
890 2000 1097 2061 statio:
1141 2001 1341 2080 primis
1383 2000 1517 2062 salit
1561 1999 1818 2080 Impetus
1861 2015 2063 2061 amens

362 2085 415 2147 E
456 2085 679 2146 foribus
724 2102 1079 2165 caecumque
1122 2083 1305 2145 Nefas
1343 2084 1591 2164 Iraeque
1634 2084 1913 2146 rubentes

361 2169 800 2249 Exanguesque
835 2167 1025 2230 Metus
1044 2214 1062 2247 ,
1107 2169 1479 2249 occultisque
1521 2168 1756 2232 ensibus
1794 2169 2025 2231 adstant

362 2254 613 2316 Insidiae
651 2254 1058 2333 geminumque
1096 2263 1305 2315 tenens
1339 2254 1650 2316 Discordia
1684 2254 1923 2315 ferrum.
1976 2305 1982 2313 .

361 2339 678 2400 Innumeris
717 2338 922 2418 strepit
957 2338 1089 2399 aula
1125 2337 1326 2416 Minis,
1369 2339 1696 2401 tristissima
1735 2339 1935 2400 Virtus

364 2425 491 2485 Stat
532 2423 762 2501 medio,
807 2423 1111 2503 laetusque
1152 2422 1342 2483 Furor
1373 2424 1654 2504 vultuque
1698 2431 1938 2485 cruento

362 2506 523 2569 Mors
567 2516 782 2569 armata
821 2508 1023 2586 sedet,
1061 2507 1349 2569 bellorum
1387 2508 1553 2568 solus
1585 2510 1644 2568 in
1688 2510 1806 2569 aris
1953 2543 1956 2550 ·

365 2592 649 2671 Sanguis,
695 2602 753 2653 et
790 2592 1045 2655 incensis
1085 2591 1185 2673 qai
1221 2600 1425 2671 raptus
1460 2591 1533 2654 ab
1574 2591 1815 2653 urbibus
1848 2593 2021 2673 iguis.

364 2676 674 2738 Terrarum
711 2679 955 2738 exuviae
995 2677 1214 2738 ¹circum
1256 2685 1316 2737 et
1357 2676 1588 2755 fastigia
1628 2677 1831 2757 templi

366 2760 590 2842 Captae
631 2761 980 2840 insignibant
1018 2770 1259 2839 gentes,
1308 2762 1648 2840 caelataque
1691 2761 1850 2822 ferro

364 2845 671 2926 Fragmina
715 2855 1007 2926 portarum
1053 2844 1508 2926 bellatricesque
1551 2847 1806 2923 carinae,

364 2930 443 2993 Et
480 2931 651 2992 vacui
695 2948 897 2992 currus
935 2930 1297 3010 protritaque
1341 2930 1604 2991 curribus
1647 2948 1773 3008 ora,

363 3016 561 3078 Paene
605 3015 777 3077 etiam
811 3015 1095 3093 gemitus:
1139 3014 1290 3076 adeo
1330 3015 1422 3075 vis
1467 3016 1651 3077 omnis
1689 3023 1751 3076 et
1790 3029 1961 3076 omne

362 3100 621 3178 Vulnus,
660 3098 874 3179 ubique
917 3099 1138 3179 ipsum,
1185 3099 1292 3160 sed
1330 3105 1446 3160 nori
1486 3118 1727 3180 usquam
1766 3116 1872 3161 ore
1914 3099 2168 3162 remisso
2294 3109 2373 3165 60

367 3183 629 3246 Cernere
663 3192 805 3244 erat.
892 3183 1091 3244 Talem
1134 3182 1325 3245 divina
1359 3183 1646 3245 Mulciber
1684 3194 1810 3245 arte

364 3268 678 3337 Ediderat3
720 3266 971 3328 nondum
1010 3267 1185 3328 radiis
1226 3277 1578 3329 monstratus
1614 3269 1845 3330 adulter

366 3351 566 3413 Foeda
609 3359 874 3413 catenato
915 3351 1106 3412 luerat
1139 3351 1389 3424 conubia
1424 3353 1605 3414 lecte.

495 3435 797 3511 Quaerere
836 3434 1183 3518 templorum
1225 3453 1430 3515 regem
1471 3438 1573 3514 vix
1614 3446 1894 3519 coeperat
1934 3436 2067 3505 ales
