2517 3909
304 106 425 172 188
952 122 1021 169 Ρ.
1061 119 1333 168 PAPINII
1377 119 1612 170 snm

298 275 551 338 Audisse
591 292 1020 356 accensumque
1061 284 1262 356 putes:
1309 276 1425 337 hoc
1466 276 1703 337 fulmine
1741 286 1968 356 raptum

302 361 558 422 Abstulit
599 371 660 421 et
699 361 920 421 similes
961 361 1145 421 minus
1186 362 1513 439 indignatur
1552 361 1831 423 habenas.

428 446 679 506 Semifer
720 446 877 506 aeria
920 445 1053 506 talis
1099 443 1422 507 Centaurus
1464 444 1538 507 ab
1585 445 1734 507 Ossa
2203 459 2312 512 220

300 530 512 591 Desilit
552 531 609 590 in
652 530 870 607 valles,
915 532 1103 608 ipsum
1145 548 1384 594 nemora
1426 530 1542 590 alta
1576 532 1936 605 tremiscunt,

302 614 552 694 Campus
592 632 819 693 equum.
902 615 1138 694 Trepidi
1182 634 1355 676 cursu
1396 615 1793 692 glomerantur
1830 615 2046 677 anhelo

300 699 698 775 Labdacidae,
739 700 947 779 premit
990 699 1092 760 ille
1138 719 1349 780 super,
1396 718 1510 760 nec
1550 701 1842 780 opinaqne
1885 700 2047 762 ferro

305 782 474 845 Colla
512 792 739 844 metens
781 784 985 862 linquit
1025 794 1264 847 truncos
1305 793 1444 863 post
1485 792 1653 861 terga
1697 785 1996 846 cadentes.

427 868 678 929 Ventum
716 877 840 930 erat
884 869 957 930 ad
999 867 1260 938 fluvium;
1308 869 1484 929 solito
1513 878 1651 929 tnnc
1678 869 1911 948 plenior
1941 869 2142 948 alveo,
2202 881 2311 935 225

303 955 481 1033 Signa
519 952 685 1029 mali,
730 970 937 1032 magna
977 971 1045 1013 se
1085 954 1242 1014 mole
1284 953 1549 1014 Ismenos
1590 954 1825 1031 agebat.

299 1038 410 1100 Illa
453 1037 651 1098 brevis
691 1039 963 1117 requies,
1019 1037 1121 1098 illo
1166 1039 1360 1099 timida
1406 1040 1632 1116 agmina
1679 1038 1891 1100 lassam

301 1122 394 1183 De
438 1123 657 1201 campis
699 1141 884 1200 egere
925 1123 1145 1200 fugam:
1192 1132 1389 1202 stupet
1429 1123 1661 1201 hospita
1704 1123 1848 1185 belli

303 1207 468 1268 Unda
509 1207 671 1267 viros
713 1207 988 1287 claraque
1032 1225 1319 1268 armornm
1358 1207 1680 1269 incenditur
1720 1209 1944 1270 umbra.

304 1292 590 1352 Insiluere
633 1292 833 1368 vadis,
876 1308 1204 1372 magnoque
1249 1292 1487 1370 fragore
1510 1293 1759 1355 solutus
2207 1304 2311 1359 230

304 1376 511 1455 Agger
549 1385 610 1436 et
650 1375 936 1437 adversae
977 1376 1266 1437 latuerunt
1306 1377 1550 1455 pulvere
1594 1378 1778 1456 ripae.

303 1461 414 1522 Ille
461 1477 693 1539 quoque
735 1460 983 1521 hostiles
1026 1461 1177 1522 saltu
1222 1463 1443 1522 maiore
1490 1461 1824 1541 petundas

302 1545 481 1606 Inruit
524 1545 778 1606 attonitis
820 1579 905 1589 —-
947 1544 1180 1623 longum
1223 1546 1511 1607 dimittere
1556 1545 1846 1623 habenas,
1888 1580 1976 1594 —-

307 1631 469 1692 Sicut
512 1638 669 1706 erat,
713 1638 927 1689 tantum
962 1631 1130 1690 viridi
1176 1630 1369 1691 defixa
1411 1648 1724 1711 parumper

308 1712 587 1793 Cespite,
633 1714 892 1794 populeo
930 1715 1294 1777 commendat
1334 1716 1559 1794 spicula
1596 1725 1824 1776 trunco.
2206 1724 2307 1779 235

308 1797 470 1859 Tunc
510 1817 656 1860 vero
702 1799 1000 1860 exanimes
1041 1799 1268 1861 tradunt
1306 1800 1664 1879 rapientibus
1706 1801 1859 1861 ultro

307 1885 484 1945 Arma
525 1883 724 1945 vadis:
773 1884 871 1946 alii
915 1884 1147 1946 dimissa
1191 1884 1455 1961 casside,
1504 1893 1774 1963 quantum

308 1967 579 2031 Tendere
623 1978 865 2030 conatus
905 1971 1128 2029 animae
1168 1969 1410 2030 valuere
1451 1969 1555 2029 snb
1599 1970 1786 2045 undiS,

311 2053 505 2133 Turpe
548 2054 753 2123 latent;
801 2053 963 2114 multi
1003 2053 1235 2114 fluvium
1278 2054 1667 2114 transmittere
1708 2055 1897 2115 nando

310 2138 631 2218 Aggressi,
678 2139 783 2201 sed
823 2139 1016 2199 vincla
1058 2148 1289 2216 tenent,
1334 2138 1619 2218 laterique
1663 2148 1952 2218 repugnat
2205 2149 2304 2201 240

309 2222 579 2300 Balteus,
624 2232 684 2283 et
722 2222 984 2284 madidus
1028 2221 1262 2284 deducit
1303 2232 1547 2302 pectora
1590 2223 1818 2284 thorax.

312 2306 514 2381 Qualis
558 2307 845 2368 caeruleis
887 2307 1102 2369 tumido
1153 2306 1261 2367 sub
1306 2310 1538 2386 gurgite
1579 2317 1773 2368 terror

309 2391 605 2468 Piscibus,
653 2392 847 2452 arcani
893 2393 1160 2471 quotiens
1202 2392 1431 2453 devexa
1474 2392 1742 2472 profundi

312 2477 674 2537 Scrutantem
717 2476 988 2556 delphina
1027 2477 1257 2546 vident;
1316 2477 1461 2555 fugit
1504 2479 1686 2537 omnis
1730 2479 1788 2536 in
1829 2478 1978 2538 imos

311 2559 503 2621 Turba
544 2560 740 2639 lacus,
794 2562 1129 2642 viridesque
1169 2570 1326 2622 metu
1370 2563 1654 2641 stipantur
1694 2562 1753 2620 in
1793 2562 1981 2639 algas,
2209 2570 2302 2625 245

303 2644 439 2706 ‘Nec
482 2646 642 2724 prius
687 2647 931 2724 emersi,
976 2665 1147 2727 quam
1187 2665 1405 2707 summa
1448 2665 1559 2726 per
1591 2662 1850 2726 aequora
1895 2647 2089 2708 flexus
2241 2686 2272 2732 ο

310 2728 571 2808 Emicet,
623 2740 681 2791 et
722 2732 864 2791 visis
905 2732 1066 2792 malit
1107 2741 1337 2791 certare
1375 2731 1604 2791 carinis.

313 2813 471 2875 Talis
512 2817 632 2893 agit
674 2833 948 2895 sparsos,
991 2815 1314 2894 mediisque
1354 2818 1412 2875 in
1454 2814 1723 2876 fluctibus
1765 2814 1946 2875 heros

310 2898 499 2962 Frena
541 2919 711 2961 manu
752 2902 1002 2978 pariter,
1047 2901 1269 2979 pariter
1310 2901 1464 2978 regit
1502 2918 1671 2961 arma·
1703 2900 2034 2980 pedumque

312 2983 578 3063 Remigio
621 2993 901 3045 sustentat
947 3002 1191 3064 equum,
1237 2993 1632 3064 consuetaque
1676 3002 1883 3064 campo
2207 2996 2302 3048 250

311 3067 613 3146 Fluctuat,
659 3078 721 3129 et
761 3086 984 3129 mersas
1028 3068 1177 3129 levis
1219 3070 1433 3146 ungula
1477 3070 1704 3148 quaerit
1746 3088 1975 3130 arenas.

311 3154 530 3214 Sternit
557 3153 697 3214 Iona
720 3150 1015 3230 Chromis,
1049 3151 1325 3214 Chromin
1344 3153 1666 3233 Antiphos,
1695 3154 1993 3234 Antiphon
2012 3154 2300 3235 Hypseus,

312 3237 584 3317 Hypseus
628 3237 930 3315 Astyagen
976 3256 1399 3317 evasurumque
1443 3239 1652 3299 relicto

311 3320 498 3381 Amne
541 3320 770 3398 Linum,
810 3324 868 3382 ni
908 3321 1025 3383 fata
1067 3331 1299 3398 vetent,
1344 3331 1403 3383 et
1444 3323 1686 3384 stamine
1730 3324 1918 3402 primo

312 3403 583 3465 Ablatum
626 3405 839 3467 tellure
884 3407 1060 3475 mori;
1117 3407 1329 3486 premit
1370 3408 1598 3485 agmina
1643 3406 1878 3468 Thebes
2208 3416 2304 3471 255
