2517 3909
798 171 1200 223 mammos
1229 172 1370 221 ΜΒ.
1405 171 1502 221 v1.
2064 157 2183 221 135

299 328 633 393 Iamdudum
674 328 876 392 variae
907 328 1112 390 laudes
1160 338 1220 392 et
1257 329 1501 391 comnia
1541 327 1725 389 virtus

45 435 58 478 ι
183 415 385 493 Tydea
427 415 845 493 magnanimum
888 413 1131 475 stimulis
1177 414 1510 493 ingentibus
1552 420 1791 492 augunt.

180 502 291 564 Ille
335 500 567 581 quidem
612 508 674 560 et
707 498 873 560 diseo
914 498 1102 559 honus
1142 508 1208 560 et
1247 498 1604 560 contendere
1648 516 1844 574 cursu,

180 585 311 647 Nec
354 594 558 646 caestu
597 582 824 645 bellare
859 583 1076 661 minor,
1120 583 1229 645 sed
1265 584 1448 645 eorde
1491 582 1731 643 labores

182 672 337 732 Ante
381 668 531 730 alios
573 676 700 730 erat
741 677 913 730 uueta
950 668 1107 747 pule.
1190 669 1293 729 Sie
1333 669 1451 729 otia
1488 667 1691 727 Martis
1964 709 1971 714 -
2071 674 2187 731 830,

181 754 422 834 Degere
465 762 525 814 et
566 752 868 814 armiferas
909 752 1110 814 laxare
1154 761 1499 814 assueverat
1539 753 1680 827 irus,

181 838 464 917 Ingentes
507 847 710 900 eontra
745 836 850 898 ille
890 838 1083 914 viros,
1128 837 1419 899 Acheloia
1462 838 1683 897 eircum

63 941 71 954 ·
181 922 413 1000 Litora,
455 922 786 1001 felicesque
817 922 934 984 deo
974 931 1332 984 monstrante
1376 921 1743 1001 palaestras.-

43 1033 49 1078 ς
307 1007 470 1085 Ergo
511 1006 609 1067 uhi
653 1006 909 1068 luctandi
943 1008 1190 1069 iuvenes
1220 1008 1482 1067 'animosa
1523 1005 1723 1067 citavit

182 1091 418 1169 Gloria,
463 1091 755 1152 terrificos
796 1091 1051 1153 humeris
1092 1090 1343 1152 Aetolus
1388 1091 1629 1152 amictus
2071 1099 2179 1155 835

179 1176 426 1239 Exuitur
462 1177 821 1256 patriumque
861 1193 1055 1246 suem;
1098 1176 1260 1237 levat
1301 1173 1481 1238 ardua
1525 1183 1728 1236 contra

179 1261 471 1339 Membra,
512 1258 842 1322 Cleonaeae
885 1262 1083 1340 stirpis
1110 1263 1375 1322 iactator
1408 1258 1725 1337 Agylleus,

55 1377 66 1404 ι
177 1345 471 1409 Herculea
510 1363 624 1406 nec
664 1345 822 1406 mole
864 1346 1083 1422 minor,
1119 1344 1573 1424 ‹fic-grandibus
1614 1344 1733 1405 ulte

177 1430 492 1509 Insurgens
534 1430 789 1492 humeris
829 1429 1119 1492 hominem
1154 1448 1333 1509 super
1370 1427 1654 1509 inprobus
1699 1429 1839 1489 exit.

178 1516 300 1579 Sed
336 1532 453 1576 non
491 1515 593 1576 ille
631 1515 795 1593 rigor
832 1516 1195 1594 patriumque
1241 1516 1302 1576 in
1349 1530 1605 1594 corpore
1638 1512 1841 1575 robur.
2067 1520 2179 1577 840

174 1601 489 1663 Luxuriant
532 1608 687 1661 artus
702 1644 720 1677 ,
759 1598 1062 1678 effusaque
1100 1599 1380 1675 sanguine
1420 1598 1561 1662 laxo

176 1685 440 1747 Membra
481 1693 703 1753 natant;
749 1683 884 1745 inde
926 1683 1077 1744 haec
1115 1682 1306 1744 audax
1338 1682 1545 1744 fiducia
1585 1690 1804 1743 tantum

49 1795 58 1848 ρ
181 1768 441 1831 Oenidae
486 1785 766 1849 superare
805 1785 1028 1848 parem.
1086 1765 1444 1846 Quamquam
1483 1768 1616 1845 ipse
1657 1766 1847 1828 videri

178 1852 472 1932 Exiguus,
516 1854 716 1933 gravia
757 1869 897 1913 ossa
932 1860 1125 1914 tamen
1162 1852 1453 1930 nodisque
1489 1850 1698 1912 lacerti

40 1979 50 2018 ⁵
177 1937 488 1999 Difficiles.
572 1937 892 2017 Numquam
924 1937 1078 1998 hune
1118 1938 1365 1997 annuum
1403 1943 1603 1997 natura
1638 1934 1846 1996 minori
2068 1944 2173 2002 845

182 2020 486 2102 Corpore,
527 2039 644 2083 nec
679 2029 880 2086 tantas
910 2039 1050 2082 ausa
1092 2030 1185 2083 est
1223 2020 1528 2082 includere
1564 2019 1743 2084 vires.

303 2106 616 2186 Postquam
657 2106 798 2167 oleo
834 2107 1038 2184 gavisa
1081 2106 1265 2183 cutis,
1306 2106 1456 2184 petit
1494 2122 1717 2185 aequor
1756 2112 2005 2205 uterque

41 2221 52 2274 ς
178 2190 470 2253 Proeursu
508 2190 757 2252 medinm
797 2199 973 2271 atque
1005 2190 1210 2252 hausta
1249 2190 1496 2251 vestitur
1532 2207 1731 2251 arena.

181 2275 326 2338 Tum
368 2275 631 2337 madidos
672 2284 829 2336 artus
873 2275 1101 2340 alterno
1135 2274 1383 2355 pulvere
1423 2274 1671 2353 siccant,

182 2359 469 2439 Collaque
517 2359 854 2421 demersere
897 2359 1151 2421 humeris
1196 2369 1257 2420 et
1301 2359 1541 2421 brachia
1577 2359 1697 2420 late
2064 2364 2173 2421 850

177 2446 335 2507 Vara
374 2453 593 2507 tenent.
671 2444 793 2506 Iam
826 2453 964 2505 tunc
1003 2453 1133 2505 astu
1175 2444 1414 2506 deducit
1453 2444 1513 2503 in
1550 2448 1801 2521 aequm

182 2529 474 2606 Callidus,
518 2537 579 2590 et
623 2527 846 2590 celsum
886 2537 1202 2609 procurvat
1237 2527 1496 2604 Agyllea
1538 2527 1776 2603 Tydeus

41 2647 46 2694 ξ
178 2615 515 2678 Submissus
555 2622 761 2692 tergo,
808 2621 870 2674 et
908 2612 1153 2692 genibus
1194 2612 1421 2672 vicinus
1457 2629 1691 2673 arenae.

304 2698 415 2760 Ille
457 2707 679 2776 autem,
719 2697 916 2778 Alpini
953 2698 1134 2758 veluti
1174 2697 1377 2774 regina
1419 2714 1735 2777 cupressus

177 2784 468 2862 Verticis,
511 2791 792 2862 urgentes
836 2785 1148 2844 cervicem·
1170 2780 1406 2842 inclinat
1445 2782 1504 2844 in
1537 2781 1810 2860 Austros,
2063 2794 2170 2850 855

175 2869 295 2931 Vix
336 2885 474 2929 sese
510 2863 710 2929 radice
749 2874 990 2944 tenens,
1030 2875 1342 2945 terraeque
1383 2867 1756 2947 propinquat,

175 2952 514 3017 Iamdudum
547 2951 842 3014 aetherius
883 2951 1094 3012 eadem
1134 2951 1390 3012 reditura
1430 2951 1539 3012 suh
1584 2967 1785 3022 auras3

41 3053 44 3060 ’
174 3037 314 3101 Νοιι
352 3055 529 3099 secus
565 3039 834 3115 ingentes
872 3045 1032 3097 artus
1068 3035 1414 3115 praecelsus
1451 3036 1743 3114 Agylleus

175 3123 407 3203 Sponte
443 3123 654 3202 premit
695 3137 1053 3202 parvumque
1095 3137 1340 3197 gemens
1380 3120 1706 3199 duplicatur
1738 3120 1797 3180 in
1829 3119 2080 3196 hostem,

173 3206 257 3269 Et
297 3209 411 3269 iam
451 3207 673 3268 alterna
714 3222 926 3266 manus·
943 3205 1308 3282 frontemque
1334 3203 1731 3284 humerosque
1756 3203 2024 3285 latusque
2063 3212 2171 3269 860

176 3289 468 3371 Collaque
511 3298 873 3371 pectoraque
915 3298 976 3350 et
1009 3290 1249 3350 »vitantia
1282 3306 1452 3350 crura
1494 3289 1754 3351 lacessit.

172 3376 585 3456 Interdumque
627 3375 725 3437 diu
765 3374 1024 3455 pendent
1057 3391 1167 3453 per
1202 3377 1396 3434 mutua
1436 3373 1568 3435 fulti

174 3459 456 3542 Brachia,
499 3477 653 3522 nunc
694 3461 857 3523 saevi
897 3458 1208 3539 digitorum
1244 3457 1479 3522 vincula
1508 3459 1797 3536 frangunt-
