2517 3909
258 121 346 183 ’44
937 132 1000 181 P.
1044 131 1309 181 mrum
1355 130 1587 181 amu-11

262 291 511 351 Vertere
549 289 720 350 humo
767 287 1062 370 murisque
1104 289 1317 351 valent*
1342 288 1556 349 inferre
1594 286 1843 366 iuvenci,
1974 311 1983 318 ·
2146 298 2260 354 560

264 374 525 455 Rupibus
569 374 794 442 avellit-z
838 373 971 435 dein
1013 383 1140 435 toto
1183 376 1462 451 sanguine
1501 372 1671 432 nixus

266 461 553 536 Sustinet,
596 457 876 520 iuuenem
920 475 1208 537 quaerens
1254 458 1471 519 librare
1510 458 1751 535 ruinam,

268 544 471 619 Qualis
509 544 567 603 in
608 542 892 604 adversos
931 543 1218 624 Lapithas¹
1248 543 1439 603 erexit
1473 543 1697 603 inanem
1906 585 1912 590 -

263 628 656 707 magnanimus
695 636 920 689 cratera
947 628 1202 689 Pholus.
1290 628 1501 706 Stupet
1540 626 1717 687 obvia
1757 627 1881 687 leto
2340 679 2345 684 .

266 713 458 774 Turba
501 731 681 793 super
716 721 958 774 stantem
993 722 1167 792 atque
1211 713 1406 774 emissi
1447 710 1673 772 turbine
1706 713 1915 772 montis
2145 722 2248 778 565

266 797 569 867 Obruitun;
613 796 779 858 simul
823 814 926 858 ora
966 799 1177 874 virum,
1221 796 1392 857 simul
1433 814 1589 857 ama
1626 811 1939 875 manusque

267 881 593 962 Fractaque
635 883 946 943 commixto
984 882 1261 943 sederunt
1302 890 1553 961 pectora
1587 879 1769 943 ferro.

269 966 555 1041 Quattuor
593 965 691 1027 hic
729 966 885 1027 adeo
927 967 1141 1028 deiecti
1181 966 1338 1027 mole
1380 965 1488 1026 sub
1523 983 1634 1027 una

270 1048 710 1129 Congemuere,
755 1051 896 1130 fuga
936 1051 1335 1112 tremefactum
1376 1051 1643 1130 protinus
1674 1065 1881 1129 agmen
1996 1095 2005 1102 .
2074 1046 2081 1054 '

265 1133 571 1196 Excutitur
612 1137 861 1215 coeptis.
945 1134 1155 1215 Neque
1199 1138 1348 1197 enim
1390 1135 1696 1196 temnenda
1737 1134 2009 1196 iacebant
2146 1141 2252 1199 570

265 1218 523 1281 Funera:
569 1219 876 1281 fulmineus
915 1219 1204 1298 Dorylas,
1245 1238 1417 1300 quem
1460 1219 1699 1297 regibus
1741 1219 1953 1280 ardens
2080 1251 2086 1260 ·

266 1303 576 1384 Aequabat
613 1304 796 1365 virtus
812 1327 840 1382 ,·
872 1304 1190 1385 Manisque
1225 1323 1260 1365 e
1306 1305 1527 1365 semine
1567 1304 1829 1365 Theron·

267 1388 622 1467 Terrigenas
668 1389 920 1449 confisus
959 1405 1139 1467 avos,
1179 1407 1299 1450 ‘nec
1336 1398 1572 1451 vertere
1614 1389 1881 1469 cuiquam
1964 1407 1973 1414 ’

266 1472 456 1535 Frena
496 1472 784 1534 secundus
827 1471 1039 1551 Halys,
1080 1475 1188 1536 sed
1227 1482 1366 1535 tuno
1407 1474 1595 1554 pedes
1638 1472 1892 1534 occubat
1932 1474 2110 1552 arvis,

267 1558 701 1637 Pentheumque
753 1558 989 1620 trahens
1019 1559 1273 1620 nendum
1312 1568 1375 1619 te
1412 1558 1753 1620 Phaedimus
1795 1574 2007 1638 aequo,
2155 1563 2261 1621 575

265 1641 532 1720 Bacche,
578 1659 783 1720 genus.
868 1642 1126 1717 Quorum
1159 1652 1225 1704 ut
1261 1643 1470 1704 subitis
1515 1643 1793 1704 exterrita
1833 1643 1964 1706 fatis

267 1726 543 1804 Agmina,
588 1726 870 1788 turbatam
907 1729 1050 1789 vidit
1089 1729 1290 1789 laxare
1334 1737 1649 1804 catervam,

270 1811 434 1885 Quae
481 1810 593 1871 duo
640 1812 765 1873 sola
808 1829 975 1874 mauu
1018 1823 1257 1891 gestans
1302 1813 1544 1874 acclinia
1584 1811 1763 1873 monti

266 1895 533 1974 Fixerat,
578 1897 869 1976 intorquet
913 1898 1100 1960 iacula
1133 1908 1196 1958 et
1237 1896 1592 1975 fugientibus
1627 1896 1803 1958 addit.

267 1979 405 2040 Mox
448 1982 506 2041 in
547 1981 718 2060 plana
763 1982 981 2059 libens,
1024 1983 1287 2044 nudone
1331 1991 1575 2061 pectore
1617 1981 1736 2041 tela
2147 1993 2255 2047 580

266 2064 630 2143 Inciderent,
681 2066 830 2126 saltu
869 2084 1164 2147 praeceps
1210 2067 1502 2143 defertur,
1544 2075 1604 2127 et
1642 2064 1866 2141 orbem,

270 2149 456 2224 Quem
489 2150 696 2229 procul
739 2167 1031 2230 oppresso
1075 2151 1220 2212 vidit
1259 2151 1531 2212 Therone
1574 2151 1851 2225 volutum,

270 2231 595 2314 Corripuit,
633 2244 923 2314 tergoque
959 2244 1023 2296 et
1056 2238 1281 2297 vertice
1322 2237 1576 2314 tegmine
1615 2243 1755 2297 noto

269 2319 484 2398 Septns
533 2327 594 2380 et
631 2319 832 2380 hostili
868 2319 1244 2400 propugnans
1287 2330 1531 2401 pectora
1572 2336 1769 2400 parma

270 2401 559 2463 Constitit.
647 2403 788 2465 Inde
838 2406 1042 2465 iterum
1084 2406 1248 2466 densi
1289 2407 1684 2484 giomerantur
1716 2405 1776 2463 in
1816 2419 1986 2464 unum
2152 2412 2259 2467 585

270 2486 574 2566 Ogygidae
618 2489 960 2569 finnantque
994 2491 1264 2568 gradum
1302 2490 1475 2551 trahit
1511 2492 1675 2551 ocius
1719 2504 1919 2548 ensem

266 2572 583 2633 Bistonium
627 2571 892 2653 Tydeus,
938 2574 1220 2637 Mavortia
1264 2593 1500 2636 munera
1537 2574 1726 2652 magni

268 2655 543 2733 Oeneos,
588 2667 648 2718 et
688 2665 885 2737 partes
929 2661 1149 2739 pariter
1182 2660 1400 2721 divisus
1443 2661 1500 2719 in
1543 2675 1743 2719 omnes

266 2740 389 2801 Hos
433 2740 591 2818 obit,
637 2751 811 2821 atque
856 2743 995 2805 illos
1026 2743 1305 2823 ferroque
1347 2745 1614 2805 micantia
1650 2741 1768 2804 tela

264 2824 528 2896 Decutit;
573 2823 900 2907 inpeditam:
936 2843 1207 2905 numero,
1251 2847 1439 2911 seque
1482 2831 1610 2908 ipsa
1651 2827 1906 2889 vicissim
2149 2833 2256 2889 59⁶

264 2910 442 2971 Arma
488 2920 783 2991 premunt,
828 2928 940 2973 nec
982 2914 1072 2974 vis
1115 2913 1421 2975 conatibus
1448 2914 1613 2991 nlla,
1659 2912 1764 2974 sed
1807 2914 1971 2993 ipsae

265 2994 331 3055 In
373 2996 571 3057 socios
613 3015 814 3058 errare
855 2995 1086 3076 manus,
1135 3008 1193 3059 et
1233 3015 1487 3078 corpora
1532 2997 1697 3059 turbu

266 3079 492 3141 Involvi
530 3082 807 3161 prolapsa
850 3100 983 3143 sua:
1028 3094 1219 3144 manet
1259 3081 1369 3144 ille
1401 3092 1639 3144 ruentes

269 3165 563 3243 Angustus
601 3166 737 3227 telis
782 3175 841 3228 et
884 3168 1352 3248 inexpugnabilis
1398 3165 1610 3228 obstat.
1674 3185 1681 3193 ·
2012 3197 2017 3204 =

395 3247 526 3310 Non
566 3252 767 3329 aliter,
813 3250 1054 3314 Geticae
1097 3255 1149 3312 si
1191 3253 1285 3312 tas
1327 3261 1419 3313 est
1458 3253 1705 3313 credere
1750 3253 2060 3331 Phlegrae,
2148 3257 2255 3316 595

267 3335 562 3396 Armatum
601 3338 892 3397 inmensus
933 3337 1206 3397 Briareus
1245 3337 1947 3412 stetitaetheracontra,
2232 3351 2239 3360 '

266 3416 415 3509 Hinc
448 3418 671 3482 Phoebi
714 3420 1051 3502 pharetras,
1095 3421 1231 3482 hinc
1266 3430 1470 3483 torvae
1508 3421 1759 3486 Palladis
1798 3439 2042 3501 angues,
