2517 3909
339 130 423 189 54
1028 141 1093 190 Ρ.
1137 141 1407 190 PAPINII
1446 140 1683 191 swam

343 298 617 359 Fatorum
657 314 803 376 gens
847 303 1046 358 nostra
1087 296 1235 374 ruit,
1275 296 1550 359 Sidonius
1596 315 1672 359 ex
1717 315 1832 379 qno
2096 303 2101 310 '
2136 343 2141 354 .
2224 303 2350 363 ’180

341 382 577 462 Hospes
619 384 677 443 in
719 380 945 442 Aonios
987 383 1125 444 iecit
1166 387 1290 443 sata
1325 382 1521 443 ferrea
1565 384 1786 461 sulcos,
1950 407 1953 414 ¹

342 467 511 528 Unde
552 468 688 527 novi
731 466 926 527 foetus
967 476 1027 528 et
1065 466 1373 528 formidata
1419 468 1643 528 colonis

342 553 502 613 Arva
542 553 681 613 suis
747 552 885 613 Sed
926 570 1040 616 nec
1081 551 1302 612 veteris
1346 557 1517 631 quum
1558 553 1724 632 regia
1768 550 1975 615 Cadmi
2008 579 2031 598 v

342 636 701 698 Fulmineum
744 637 801 696 in
845 636 1101 697 cinerem
1140 637 1397 698 monitis
1416 635 1649 699 Iunonis
1694 637 1977 717 iniquae

345 720 659 799 Consedit,
704 735 898 801 neque
933 721 1176 782 funerea
1219 737 1394 802 quum
1432 721 1625 783 laude
1649 723 1865 823 potitus
2251 730 2347 785 185

341 807 555 871 Infelix
590 806 867 868 Athamas
907 805 1140 886 trepido
1180 804 1253 866 de
1299 815 1493 867 monte
1533 808 1779 883 veniret,

342 892 746 956 Semianimem
789 890 905 951 hen
942 891 1100 952 laeto
1139 890 1415 956 referens
1455 893 1712 953 clamore
1754 891 2109 959 Learchnm;

340 978 451 1039 Hic
493 977 742 1056 gemitus
786 975 1039 1054 Thebis,
1080 994 1192 1037 nec
1233 986 1500 1055 tempore
1539 978 1753 1038 clarius
1792 977 1897 1038 illo

340 1063 700 1125 Phoenissae
741 1077 996 1121 sonuere
1039 1060 1279 1137 domus,
1324 1080 1499 1141 quum
1540 1061 1695 1123 lassa
1738 1062 1995 1123 furorem

342 1148 498 1207 Vicit
544 1155 603 1207 et
645 1146 718 1207 ad
766 1146 1035 1206 comitum
1081 1146 1350 1206 lacrimas
1395 1148 1633 1227 expavit
1678 1145 1923 1225 Agave..
2248 1149 2349 1208 190

339 1233 466 1293 Una
511 1232 637 1293 dies
680 1230 882 1291 similis
921 1230 1043 1291 fato
1088 1232 1412 1310 specieque
1446 1231 1730 1292 malornm

340 1318 551 1396 Aequa
589 1315 740 1392 fuit,
785 1316 1349 1394 qua-magniloquos
1386 1315 1492 1376 luit
1532 1316 1692 1396 inpia
1730 1314 1900 1377 flatus

343 1401 635 1477 Tantalis,
682 1399 992 1459 innumeris
1036 1417 1209 1479 quum
1250 1399 1609 1476 circumfusa
1637 1401 1817 1461 ruinis

344 1486 611 1566 Corpora
653 1494 739 1546 tot
780 1493 1241 1563 raperetterra,
1287 1493 1375 1546 tot
1411 1494 1723 1564 quaereret
1765 1487 1955 1563 ignes.

473 1570 631 1632 Talis
677 1577 803 1630 erat
843 1568 1005 1647 vulgi
1047 1578 1261 1648 status,
1308 1575 1368 1630 et
1413 1572 1498 1631 sic
1541 1570 1690 1631 urbe
1735 1571 1944 1631 relicta
2249 1578 2350 1634 1⁹5

339 1656 741 1736 Primaevique
786 1671 962 1714 senes
1006 1663 1067 1715 et
1106 1654 1287 1755 longo
1330 1656 1599 1716 examine
1642 1664 1858 1716 matres

341 1740 617 1802 Invidiam
661 1739 946 1820 planxere
989 1739 1155 1817 deis,
1192 1742 1528 1820 miseroque
1566 1739 1811 1801 tumultu

338 1824 482 1886 Bina
526 1843 635 1905 per
677 1826 947 1903 ingentes
986 1824 1279 1904 stipabant
1314 1824 1521 1886 funera
1566 1829 1789 1904 portas.

338 1908 552 1988 Meque
587 1910 777 1989 ipsum
819 1908 1052 1970 memini
1092 1944 1178 1954 --
1203 1908 1453 1970 necdum
1494 1920 1645 2004 apta
1673 1906 1973 1971 doloribus
2019 1917 2184 1969 aetas
2221 1941 2311 1953 -—-

339 1993 549 2056 Flesse
594 2003 785 2055 tamen
825 1995 1164 2073 gemituque
1203 2010 1369 2055 meos
1409 1997 1729 2074 aequasse·
1741 1999 2038 2088 parentes
2244 2004 2355 2060 200

337 2081 449 2142 Illa
488 2087 681 2140 tamen
720 2081 940 2159 superi.
1026 2077 1156 2140 Nec
1205 2079 1363 2159 qnod
1405 2078 1546 2155 tihi,
1590 2078 1798 2156 Delia,
1832 2083 2042 2139 castos

339 2164 683 2244 Prolapsum
727 2163 800 2224 ad
843 2164 1070 2241 fontes,
1115 2163 1362 2244 specula
1400 2173 1722 2225 temerante
1762 2164 2030 2243 profana,
2078 2208 2084 2216 .

339 2248 469 2310 Heu
514 2249 800 2310 dominum
846 2248 1029 2309 insani
1073 2266 1189 2309 non
1231 2265 1546 2327 agnovere,
1574 2247 1843 2325 Molossi,

340 2333 622 2395 Desserim
663 2332 883 2411 magis,
924 2342 1021 2394 aut
1058 2350 1237 2394 verso
1282 2333 1439 2412 quod
1475 2335 1755 2412 sanguine
1798 2332 1963 2394 fluxit

341 2418 407 2480 In
452 2417 673 2479 subitos
712 2418 915 2494 regina
959 2417 1155 2479 lacus:
1196 2418 1284 2479 sic
1318 2418 1445 2478 dira
1482 2423 1754 2494 sororum
2245 2427 2352 2483 205

341 2502 530 2563 Pensa
575 2502 784 2564 dabant
826 2503 1130 2582 visumque
1173 2486 1321 2564 Iovi.
1408 2501 1575 2563 Nunc
1617 2503 1776 2581 regis
1798 2503 1990 2604 iniqui

344 2586 434 2646 Ob
475 2604 686 2647 noxam
729 2588 1029 2648 inmeritos
1068 2589 1295 2667 patriae
1340 2596 1426 2648 tot
1472 2588 1718 2648 culmina
1760 2589 1926 2648 cives

339 2671 650 2748 Exuimus,
693 2690 808 2732 nec
852 2672 1040 2734 adhuc
1090 2672 1301 2733 calcati
1343 2672 1603 2733 foederis
1645 2673 1851 2751 Argos

340 2757 515 2817 Fama
554 2757 739 2834 subit,
784 2766 845 2817 et
886 2758 999 2817 iam
1041 2756 1331 2817 bellorum
1377 2767 1639 2818 extrema
1676 2756 1958 2840 dolemus.

344 2841 604 2915 Quantus
650 2842 818 2921 equis
865 2850 1230 2921 quantusque
1274 2843 1416 2902 viris
1457 2843 1516 2902 in
1555 2843 1803 2921 pulvere
1846 2851 2047 2903 crasso
2242 2856 2355 2909 210

341 2925 561 2987 Sudor!
604 2927 661 2986 io
708 2926 902 3005 quanti
949 2925 1190 2987 crudele
1233 2926 1517 2987 rubebitis
1560 2927 1787 2988 amnes!
1963 2980 1967 2984 .

339 3011 567 3071 Viderit
606 3009 755 3072 hae'c
799 3009 960 3071 bello
1003 3011 1206 3072 viridis
1248 3019 1482 3072 manus:
1530 3020 1620 3072 ast
1668 3027 1782 3090 ego
1828 3010 2014 3072 doner

339 3095 489 3157 Dum
530 3096 671 3157 licet
712 3096 848 3174 igne
891 3113 1026 3158 meo
1068 3103 1342 3175 terraque
1380 3096 1671 3157 insternar
1706 3096 1924 3157 avital'

469 3179 631 3241 Haec
673 3182 904 3258 senior,
950 3173 1311 3261 multumque
1346 3181 1514 3241 nefas
1553 3179 1817 3242 Eteoclis
1863 3180 2125 3258 acerbat,

343 3263 657 3326 Crudelem
700 3265 1104 3345 infandumque
1147 3282 1367 3326 vocans
1414 3283 1755 3346 poenasque
1799 3266 2081 3327 daturum.
2240 3278 2352 3331 215

339 3348 508 3410 Unde
554 3369 622 3412 ea
667 3347 955 3416 libertas?
1000 3352 1157 3410 iuxta
1191 3349 1276 3410 illi
1323 3350 1450 3410 finis
1495 3360 1554 3411 et
1596 3357 1756 3411 aetas

340 3432 490 3496 Tota
531 3445 691 3498 retro
731 3452 1024 3516 seraeque
1065 3433 1210 3495 velit
1253 3432 1435 3496 decus
1476 3433 1692 3496 addere
1736 3434 1925 3495 morti.
