2517 3909
351 127 470 200 132
1000 154 1063 203 r.
1118 154 1389 205 mmm
1425 154 1659 206 sumn
1746 221 1751 226 ι

346 308 593 385 Discus,
638 324 750 369 nec
790 308 962 371 dubia
1001 300 1269 374 iunctave
1308 305 1650 375 Menesthea
1692 311 1904 374 victum

347 392 671 454 Transabiit
711 404 893 465 meta;
940 395 1117 475 longe
1160 413 1338 477 super
1379 398 1602 478 aemula
1644 398 1809 475 signa
1844 429 1847 434 ·

349 478 628 542 Consedit
665 480 997 560 viridesque
1039 480 1311 543 humeros
1348 491 1412 543 et
1448 499 1636 562 opaca
1676 482 1887 544 theatri
1948 507 1955 514 ·

347 563 640 642 Culmina,
680 583 787 625 ceu
832 565 985 626 latae
1021 566 1349 628 tremefecit
1388 567 1542 628 mole
1586 565 1805 628 ruinae.
2235 577 2348 633 715

346 648 532 724 Quale
573 650 906 730 vaporifera
945 668 1146 711 saxum
1188 651 1575 733 Polyphemus
1617 650 1691 713 ab
1727 650 1914 711 Aetna

341 734 515 796 Lucis
558 743 770 814 egente
804 751 1006 812 manu,
1052 744 1245 797 tamen
1282 738 1340 797 in
1380 736 1632 813 vestigIa
1675 736 1917 815 puppis¹

343 819 593 881 Auditae
633 822 906 900 iuxtaque
950 820 1235 881 immicum
1271 821 1485 900 exegit‘
1510 820 1741 882 Ulixen.

347 905 472 984 [Sic
509 913 567 965 et
606 903 893 981 Aloidae,
940 922 1112 984 quum
1154 905 1269 967 iam
1309 905 1531 967 celaret
1572 902 1874 984 Olympum

342 988 617 1070 Desuper
658 988 807 1050 Ossa
843 992 1080 1069 rigens,
1123 990 1311 1069 ipsum
1350 989 1602 1068 glaciale
1631 988 1897 1049 ferebant
2235 998 2348 1055 720

344 1072 550 1135 Pelion
590 1082 650 1135 et
691 1074 920 1153 trepido
965 1072 1279 1154 sperabant
1319 1075 1563 1153 iungere
1606 1073 1828 1152 coelo]

471 1158 633 1220 Tunc
674 1160 902 1239 genitus
944 1158 1126 1220 Talao
1165 1160 1380 1219 victori
1420 1159 1594 1236 tigrin
1635 1160 1859 1219 inanem

343 1244 439 1305 Ire
486 1242 682 1321 iubet,
726 1243 889 1304 fulvo
934 1261 1084 1322 quae
1129 1242 1474 1304 circumfusa
1514 1242 1735 1305 nitebat

341 1327 602 1408 Margine
638 1336 698 1388 et
739 1336 1033 1389 extremos
1078 1343 1218 1388 auro
1254 1337 1660 1388 mansueverat
1699 1343 1941 1405 ungueS.

344 1412 696 1474 Gnossiacos
739 1429 910 1474 arcus
951 1411 1129 1473 habet
1171 1420 1231 1473 et
1264 1430 1416 1491 vaga
1457 1412 1578 1473 tela
1621 1411 2015 1473 Menestheus.
2231 1417 2341 1474 725

344 1497 459 1558 ‘At
497 1497 633 1574 tibi,
678 1496 788 1574 ait,
832 1495 1123 1581 Phlegra,
1169 1515 1308 1557 casu
1349 1497 1621 1557 frustrate
1666 1497 1920 1573 sinistro,

341 1581 507 1643 Hunc
552 1581 838 1662 quondam
867 1581 1053 1641 nostri
1088 1581 1269 1642 decus
1312 1581 1699 1660 auxiliumque
1740 1579 1997 1657 Pelasgi,

340 1665 527 1727 Ferre
562 1666 792 1743 damus,
831 1682 1024 1746 neque
1069 1667 1218 1726 enim
1258 1664 1662 1747 Hippomedon
1700 1664 2003 1741 inviderit,
2052 1678 2279 1726 ensem.

341 1749 511 1812 Nunc
552 1767 699 1830 opus
740 1759 833 1811 est
873 1751 1074 1811 animis
1106 1751 1352 1811 infestos
1394 1750 1610 1812 tollere
1652 1757 1884 1811 caestus

348 1833 648 1899 Cominus:
693 1834 841 1896 haec
884 1834 1059 1896 bellis
1101 1844 1161 1896 et
1200 1836 1361 1897 ferro
1407 1835 1669 1914 proxima
1710 1834 1940 1893 virtus?
2231 1844 2339 1902 730

471 1917 739 1982 Constitit
777 1920 1016 1981 inmanis
1060 1921 1219 1981 cerni
1260 1921 1615 1999 inmanisque
1656 1918 1807 1979 tueri

341 2005 657 2086 Argolicus
698 2002 1040 2084 Capaneus,
1086 2022 1155 2066 ac
1192 2004 1324 2065 dum
1361 2006 1643 2083 nigrantia
1677 2002 1913 2083 plumbo
1956 2013 1964 2018 ·

342 2089 623 2169 Tegmina
662 2088 840 2150 cruda
879 2087 1060 2150 boum·
1091 2106 1207 2149 non
1248 2088 1480 2150 mollior
1521 2090 1650 2169 ipse
1698 2088 1934 2149 lacertis

339 2174 626 2238 Induitur:
668 2172 854 2234 ‘Date
896 2181 983 2235 tot
1024 2174 1291 2234 iuvenum
1332 2174 1406 2235 de
1448 2173 1699 2233 millibus
1742 2189 1912 2231 unum

340 2258 498 2337 Huc,
545 2260 654 2337 ait,
701 2266 874 2338 atque
916 2259 1128 2319 utinam
1169 2259 1364 2338 potius
1406 2259 1480 2320 de
1524 2259 1707 2338 stirpe
1748 2258 1975 2317 veniret
2226 2265 2335 2323 735

342 2344 622 2406 Aemulus
661 2342 881 2420 Aonia,
926 2359 1095 2423 quern
1132 2342 1221 2403 fas
1260 2342 1562 2404 demittere
1603 2342 1748 2418 leto,

341 2426 470 2489 Nec
506 2446 637 2490 mea
683 2428 938 2490 crudelis
976 2427 1130 2489 civili
1177 2428 1457 2505 sanguine
1500 2428 1731 2504 virtus!

345 2509 716 2593 Obstupuere
758 2514 959 2590 animi,
1002 2512 1260 2593 fecitque
1302 2507 1531 2572 silentia
1574 2520 1786 2572 terror.

460 2596 715 2658 Tandem
753 2598 1079 2678 insperatus
1117 2597 1268 2657 nuda
1310 2596 1383 2657 de
1428 2596 1610 2677 plebe
1648 2595 1935 2658 Laconum

340 2680 577 2742 Prosilit
615 2681 977 2758 Alcidamas,
1012 2683 1287 2743 mirantur
1326 2681 1544 2742 Dorica
1584 2696 1786 2759 regum
2224 2690 2334 2747 740

235 2841 242 2850 υ
340 2766 588 2843 Agmina
606 2788 621 2835 ;
667 2765 774 2826 sed
815 2767 962 2826 socii
1004 2765 1213 2826 fretum
1247 2765 1489 2827 Polluce
1529 2767 1808 2845 magistro

340 2848 564 2912 Norant
608 2858 667 2910 et
702 2849 899 2910 sacras
934 2851 1087 2910 inter
1127 2851 1388 2912 crevisse
1435 2851 1781 2931 palaestras.

340 2933 480 3013 Ipse
522 2934 665 2996 deus
708 2935 1017 3014 posuitque
1055 2952 1255 2995 manus
1298 2944 1356 2996 et
1395 2934 1632 2997 brachia
1673 2935 1836 2995 finxit

341 3018 640 3082 Materiam
682 3053 766 3065 ——
806 3017 1086 3081 suadebat
1124 3037 1287 3081 amor
1320 3041 1433 3081 —:
1474 3028 1611 3080 tunc
1653 3035 1836 3099 saepe
1880 3018 2097 3081 locavit

347 3103 651 3181 Cominus,
695 3110 754 3164 et
794 3103 963 3164 simili
1001 3113 1244 3166 stantem
1287 3106 1526 3165 miratus
1567 3105 1624 3165 in
1660 3105 1744 3165 ira
2224 3113 2328 3171 ⁷45

346 3188 587 3251 Sustulit
622 3187 887 3250 exultans
926 3188 1252 3269 nudumque
1296 3188 1367 3250 ad
1406 3199 1649 3270 pectora
1688 3189 1923 3269 pressit.

469 3272 635 3334 Illum
674 3271 998 3351 indignatur
1039 3270 1349 3354 Capaneus
1384 3273 1651 3354 ridetque
1692 3281 1997 3335 vocantem

346 3354 423 3417 Ut
463 3357 777 3434 miserans,
821 3358 1126 3438 poscitque
1166 3357 1367 3435 alium,
1405 3359 1752 3439 tandemque
1795 3367 2037 3419 coactus

345 3436 613 3521 Restitit,
662 3449 722 3503 et
763 3441 1005 3505 stimulis
1044 3443 1155 3504 iam
1197 3440 1466 3522 languida
1510 3442 1666 3507 colla
1705 3450 2048 3505 tumescunt.
2160 3483 2167 3494 ·
