2517 3909
218 162 309 227 80
859 249 876 262 ⁵
966 163 1028 220 P.
1064 163 1342 219 PAPINII
1377 163 1617 219 STATII

216 304 508 394 Munera,
553 313 988 394 uenturosque
1032 311 1184 376 tuus
1231 310 1493 375 durabit
1536 310 1607 373 in
1653 330 1859 375 annos

218 395 324 464 Me
370 401 774 465 monstrante
819 398 1023 463 dolor.
1084 419 1294 484 neque
1340 399 1513 463 enim
1557 397 1720 462 mihi
1762 397 2305 483 116161161611116111

217 482 546 572 Ignotum,
593 487 821 552 similis
869 488 1086 573 gemui
1131 493 1191 553 et
1231 487 1558 573 proiectus
1605 487 1688 552 ad
1731 486 1937 572 ignes.
2287 506 2361 555 40

218 572 336 638 Ille
382 577 543 641 mihi
586 580 703 641 tua
724 576 986 662 *damna
1029 577 1166 642 dies
1211 597 1617 661 compescere
1662 579 1857 641 cantu
2198 605 2202 612 ‚

215 660 478 745 Suadet,
523 668 591 730 et
632 665 771 750 ipse
814 666 939 730 tuli
985 687 1145 750 quos
1190 687 1364 729 nunc
1408 665 1532 731 tibi
1576 664 1838 754 confero
1883 668 2169 751 questus.

216 749 373 819 Non
417 755 543 820 tibi
589 754 766 819 clara
811 754 1086 839 quidem,
1133 754 1350 819 senior
1393 753 1848 839 placidissime,
1894 755 2107 840 gentis

215 838 419 909 Linea
462 865 581 910 nec
625 844 887 928 proauis
934 843 1288 908 demissum
1336 846 1626 926 stemma,
1674 842 1787 907 sed
1829 843 2062 928 ingens
2179 893 2187 902 .

215 926 557 1017 Suppleuit
597 932 865 998 fortuna
909 951 1113 1018 genus
1160 933 1547 1017 culpamque
1592 935 1938 1017 parentum
2289 949 2358 998 45

214 1018 528 1087 Occuluit.
591 1043 712 1086 nec
759 1021 933 1086 enim
979 1021 1277 1086 dominos
1324 1021 1403 1086 de
1447 1021 1636 1104 plebe
1681 1020 1908 1106 tulisti,

216 1106 344 1174 Sed
391 1110 624 1196 quibus
673 1131 937 1176 occasus
983 1110 1231 1195 pariter
1273 1110 1632 1175 famulatur
1675 1113 1742 1174 et
1787 1113 1990 1175 ortus,

57 1222 128 1280 ς
211 1195 351 1263 Nec
396 1198 607 1283 pudor
648 1199 773 1264 iste
818 1199 967 1265 tibi:
1015 1199 1166 1285 quid
1212 1199 1387 1263 enim
1433 1198 1752 1283 terrisque
1796 1199 2075 1284 poloque

211 1286 493 1354 Parendi
540 1288 679 1353 sine
725 1288 869 1374 lege
913 1288 1179 1353 manet?
1242 1289 1384 1352 uice
1431 1291 1666 1353 cuncta
1689 1289 2025 1374 ‘reguntur

210 1374 625 1461 Alternisque
670 1381 992 1461 premunt.
1053 1377 1335 1462 propriis
1385 1376 1506 1441 sub
1551 1377 1812 1463 regibus
1861 1377 2072 1443 omnis
2285 1394 2355 1444 50

211 1463 439 1550 Terra3
485 1466 721 1551 premit
764 1466 919 1530 felix
962 1486 1191 1552 regum
1238 1465 1607 1531 diademata
1650 1466 1888 1550 Roma3
2308 1503 2313 1512 ·

209 1553 400 1619 Hanc
446 1554 714 1619 ducibus
760 1555 1017 1620 frenare
1062 1555 1315 1639 datum3
1363 1576 1515 1619 mox
1558 1556 1788 1620 crescit
1829 1555 1900 1618 in
1944 1555 2092 1620 illos

207 1639 560 1728 Imperium
608 1645 875 1729 superis.
937 1644 1048 1709 sed
1091 1644 1340 1709 habent
1383 1645 1451 1707 et
1494 1644 1764 1709 numina
1806 1644 2046 1729 legem:

209 1730 426 1797 Seruit
472 1736 539 1799 et
583 1735 911 1798 astrorum
953 1734 1144 1798 uelox
1189 1733 1424 1798 chorus
1469 1734 1536 1797 εὴ
1578 1754 1751 1819 uaga
1795 1732 1998 1798 seruit

207 1819 420 1885 Luna
441 1843 561 1887 1166
607 1821 891 1888 iniussae
935 1822 1177 1888 totiens
1219 1822 1393 1887 redit
1436 1821 1650 1886 orbita
1693 1821 1876 1887 lucis.
2284 1839 2353 1889 55

207 1907 332 1994 Sic,
376 1910 569 1975 modo
618 1911 676 1975 si
719 1912 820 1976 fas
868 1914 968 1976 est
1013 1929 1288 1995 aequare
1334 1910 1614 1975 iacentia
1660 1910 1947 1995 summis,

208 1997 487 2064 Pertulit
532 2003 598 2064 et
643 2000 820 2065 saeui
865 1999 1249 2084 Tirynthius
1296 2000 1558 2065 horrida
1601 2000 1775 2084 regis

205 2086 424 2173 Pacta,
468 2109 590 2153 nec
636 2089 895 2154 erubuit
936 2088 1319 2153 famulantis
1363 2088 1584 2153 fistula
1627 2088 1892 2154 Phoebi.

205 2174 332 2242 Sed
375 2199 584 2262 neque
628 2178 984 2243 barbaricis
1031 2177 1220 2242 Latio
1266 2178 1688 2242 transmissus
1735 2178 1818 2242 ab
1867 2177 2025 2242 oris:

206 2264 483 2351 Smyrna
524 2266 648 2332 tibi
694 2267 936 2352 gentile
981 2266 1193 2332 solum
1236 2269 1557 2351 potusque
1602 2266 1884 2332 uerendo
2283 2287 2352 2337 60
2398 2289 2405 2295 ·

208 2354 336 2419 016
381 2354 587 2420 Meles
634 2353 988 2441 Hermique
1033 2355 1292 2435 uadum,
1338 2376 1465 2440 quo
1510 2349 1752 2439 Lydius
1797 2356 2007 2420 intrat

205 2441 500 2510 Bacchus
549 2448 615 2509 et
661 2448 891 2509 aurato
936 2443 1144 2509 reficit
1187 2465 1311 2509 sua
1355 2465 1598 2508 cornua
1641 2445 1818 2509 limo.

199 2531 401 2598 Laeta
445 2534 675 2599 dehinc
720 2534 913 2598 series
958 2532 1283 2617 uariisque
1330 2553 1408 2597 ex
1453 2532 1672 2597 ordine
1719 2533 1887 2597 curis

200 2621 449 2688 Auctus
494 2622 730 2706 hon0s3
788 2643 1168 2707 semperque
1214 2621 1455 2708 gradus
1498 2642 1703 2706 prope
1746 2621 2043 2707 numina,
2090 2632 2350 2710 semper

201 2709 587 2777 Caesareum
633 2711 908 2776 coluisse
952 2710 1124 2775 latus
1173 2710 1501 2795 sacrisque
1546 2710 1812 2776 deorum
2276 2731 2347 2781 65

339 2945 410 2994 40
449 2938 659 2993 similes
689 2969 756 2978 —
784 2938 946 3009 ignes
984 2939 1092 3007 (uel
1129 2938 1370 2995 similem
1401 2970 1467 2979 --
1495 2939 1708 3009 ignem)
1747 2939 1992 2996 Markl.:
2038 2939 2242 2997 similis
2274 2974 2344 2983 —-

195 3010 387 3081 ignem
424 3016 459 3062 0
497 3028 531 3063 a
561 3011 570 3078 Ι
602 3009 791 3080 gemui
826 3014 898 3064 A:
935 3011 1104 3080 genui
1138 3012 1228 3066 uel
1265 3010 1477 3081 gemini
1512 3015 1548 3062 0
1580 3013 1589 3080 Ι
1631 3012 1689 3066 et
1719 3017 1845 3079 post
1880 3011 2073 3081 gemui
2108 3014 2346 3081 inserui,

196 3087 324 3138 ante
358 3080 558 3137 similis
589 3082 798 3137 Markl.
826 3084 847 3152 ΙΙ
873 3087 941 3136 45
970 3082 1269 3152 labemque
1306 3083 1602 3151 parentum
1639 3081 1980 3138 Schraderus
2005 3083 2026 3151 ΙΙ
2053 3088 2121 3138 47
2160 3083 2345 3139 famu-

192 3154 346 3209 latur
371 3157 418 3206 A
447 3157 510 3207 ςε
547 3152 894 3208 famulantur
920 3158 956 3205 0
980 3155 1001 3223 ΙΙ
1027 3160 1096 3209 49
1126 3155 1329 3208 cuncta
1373 3155 1642 3222 geruntur
1668 3158 1704 3205 0
1732 3170 1782 3222 a,
1811 3170 1950 3209 corr.
1981 3153 2290 3210 Geuartius

195 3230 265 3279 50
342 3226 566 3280 remunt
600 3227 647 3276 Δ
684 3229 745 3279 c:
789 3229 996 3295 regunt
1030 3225 1330 3280 Liuineius
1372 3226 1392 3294 ΙΙ
1437 3228 1506 3278 55
1541 3223 1740 3278 iniussi
1776 3224 2032 3292 —Solis
2071 3226 2287 3282 Markl.

199 3302 268 3350 56
300 3243 401 3351 I§ic
434 3296 662 3364 scripsi:
696 3296 774 3351 Et
810 3302 845 3348 0
872 3315 906 3349 a
930 3298 951 3365 fl
978 3302 1046 3351 58
1084 3297 1242 3350 Iussa
1273 3295 1482 3350 Mmkl.
1511 3297 1532 3366 ss
1559 3301 1629 3350 60
1656 3295 1904 3366 genitale
1941 3295 2288 3353 Schrader-us

194 3373 259 3422 61
303 3366 412 3422 Ore
458 3368 568 3435 (uel
613 3367 857 3424 uerenda
890 3368 1122 3435 Fronte)
1168 3367 1393 3435 scripsi.-
1445 3366 1623 3421 Fonte
1661 3372 1697 3417 0
1735 3385 1769 3419 a
1808 3368 1831 3436 11
1876 3372 1946 3421 64
1990 3367 2175 3437 gradu
2213 3374 2249 3421 0
2287 3388 2340 3438 a,
2395 3408 2409 3422 .

191 3453 330 3494 corr.
371 3439 735 3511 Peyraredus.
773 3438 936 3511 gradi
974 3439 1265 3493 Μουνάτιε
