2517 3909
311 125 427 186 170
978 135 1040 183 P.
1083 134 1350 183 PAPmn
1392 134 1624 184 srrA'rn

307 293 406 354 Sic
442 293 710 373 amplexa
755 293 902 369 coit,
943 291 1144 353 hilaris
1187 292 1326 370 des,
1373 310 1514 369 oro,
1562 302 1839 372 precatus

304 377 498 438 Nosse
543 388 706 453 tuoS,
750 377 1042 458 coeloque
1076 386 1136 437 et
1175 395 1319 438 vera
1356 377 1722 439 monentibus
1767 379 1882 439 aris

308 460 640 539 Concilies,
688 471 746 522 et
789 479 937 540 quae
980 461 1213 541 populis
1256 463 1529 541 proferre
1569 463 1841 542 parabas,
2466 509 2475 520 .

304 546 401 607 Me
444 548 691 608 doceas:
728 546 830 607 tibi
872 563 1039 608 sacra
1079 547 1269 606 feram
1307 564 1616 626 praesaga,
1661 549 1861 626 tuique
2199 558 2314 613 335

305 631 563 693 Numinis
606 633 897 710 interpres
937 640 995 691 te
1039 629 1285 691 Phoebo
1318 631 1560 692 absente
1602 631 1854 693 vocabo.

305 717 416 778 Ille
455 718 590 778 mihi
630 716 784 777 Delo
830 713 1170 794 Cyrrhaque
1212 719 1510 795 potentior
1543 718 1696 776 muni

309 802 439 876 Quo
481 804 632 878 ruis,
671 801 774 861 ille
823 800 1009 876 adytis
1048 800 1255 860 mehor
1291 801 1505 861 locus?
1582 801 1745 864 Haec
1791 800 1891 861 ubi
1930 800 2108 878 dicta,

304 887 617 966 Nigrautes
657 896 814 947 terra
858 884 1119 964 pecudes
1157 885 1527 964 obscuraque
1560 888 1769 963 mergit

308 972 618 1047 Armenta,
657 989 728 1031 ac
763 971 911 1030 vivis
958 969 1217 1030 cumulos
1257 971 1525 1031 undantis
1569 988 1781 1032 arenae
2202 980 2311 1035 340

310 1058 577 1135 Aggerat
619 1065 678 1116 et
715 1056 833 1116 vati
880 1055 1081 1114 mortis
1115 1055 1436 1115 ¹simulacra
1479 1057 1766 1135 rependit.
2128 1053 2133 1058 ’

439 1141 610 1203 ΤαΙίεν
643 1139 794 1219 apud
835 1138 1075 1214 Graios,
1121 1155 1291 1218 quum
1334 1141 1444 1200 iam
1489 1139 1769 1204 Mavortia
1809 1148 2011 1200 contra

311 1225 572 1302 Cornua,
617 1226 729 1286 iam
769 1241 983 1285 saevos
1024 1223 1227 1301 fragor
1267 1242 1479 1285 aereus
1519 1227 1734 1288 excitat
1776 1240 1969 1284 enses.

309 1312 488 1373 Addit
520 1310 736 1371 acerba
777 1325 980 1368 sonum
1004 1308 1327 1370 ,Theumesi
1372 1327 1405 1368 e
1444 1310 1667 1371 vertice
1706 1310 1923 1370 crinem

309 1396 633 1471 Incutieus,
675 1395 944 1472 acuitque
988 1392 1155 1453 tubas
1199 1403 1262 1452 et
1296 1393 1467 1454 sibila
1511 1396 1723 1456 miscet
2204 1401 2312 1457 345

313 1479 656 1560 Tisiphone;
697 1486 891 1556 stupet
934 1477 1170 1537 insolito
1217 1478 1498 1556 clangore
1535 1476 1868 1554 Cythaeron

310 1564 599 1626 Marcidus
644 1572 701 1623 et
736 1572 926 1622 turres
967 1579 1200 1622 carmen
1243 1580 1360 1622 uon
1401 1562 1519 1623 tale
1559 1572 1821 1625 secutae.

309 1649 430 1710 Iam
471 1648 728 1728 trepidas
768 1646 1010 1706 Bellona
1053 1647 1215 1707 fores
1255 1657 1588 1726 armataque
1619 1649 1813 1727 pulsat

309 1735 557 1810 Limina,
600 1734 713 1794 iam
750 1732 928 1792 multo
971 1732 1236 1792 laxantur
1278 1732 1533 1793 cardine'
1557 1732 1815 1792 Thebae.

314 1818 531 1880 Turbat
574 1836 759 1897 eques
796 1816 1052 1896 pedites,
1101 1831 1304 1878 currus
1342 1816 1788 1896 properantibus
1821 1816 2075 1893 obstant,
2201 1826 2311 1880 350

314 1902 438 1965 Ceu
480 1902 662 1963 Danai
708 1910 842 1981 post
884 1910 1050 1979 terga
1097 1911 1390 1980 premant:
1431 1904 1516 1962 sie
1562 1901 1824 1962 omnibus
1869 1899 1998 1962 alae

312 1991 623 2049 Arctantur
664 1988 884 2068 portiS,
928 1995 1272 2065 septemque
1315 1985 1657 2047 excursibus
1701 1986 1961 2047 haerent.

313 2073 559 2151 Ogygiis
598 2073 640 2133 it
683 2081 842 2132 sorte
892 2069 1120 2146 Creon,
1160 2068 1448 2132 Eteoclea
1489 2073 1711 2130 mittunt

311 2158 554 2234 Neitae,
606 2157 798 2217 celsas
838 2155 1211 2216 Hamoloidas
1255 2165 1507 2235 occupat
1548 2154 1827 2232 Haemon,

311 2242 549 2321 Hypsea
591 2241 928 2314 Proetides,
978 2240 1198 2300 celsum
1235 2240 1442 2300 fudere
1478 2239 1734 2317 Dryanta
2202 2249 2310 2303 355

311 2327 625 2402 Electrae,
674 2327 856 2404 quatit
894 2324 1201 2404 Hypsistas
1245 2343 1445 2385 manus
1487 2324 1956 2401 Eurymedontis,

315 2409 574 2471 Culmina
626 2409 1015 2489 magnanimus
1053 2412 1228 2488 stipat
1270 2409 1521 2487 Dircaea
1559 2409 1934 2470 Menoeceus.

314 2495 514 2569 Qualis
560 2496 659 2555 ubi
695 2495 926 2556 adversi
967 2504 1235 2554 secretus
1267 2493 1481 2573 pabula
1520 2495 1675 2554 coeli

312 2579 475 2640 Nilus
524 2589 583 2639 et
624 2579 781 2640 ans
823 2596 1031 2658 magno
1077 2579 1220 2660 bibit
1264 2593 1368 2638 ore
1409 2580 1663 2658 pruinas,

314 2665 536 2725 Scindit
567 2664 745 2724 fontis
789 2682 937 2744 opes
980 2674 1326 2744 septemque
1369 2663 1698 2742 patentibus
1744 2665 1928 2724 alveis
2203 2671 2309 2727 360

311 2748 377 2809 In
410 2768 569 2809 mare
609 2749 724 2809 fert
766 2749 1016 2817 hiemes;
1058 2751 1288 2828 penitus
1331 2765 1571 2808 cessere
1615 2749 1848 2825 fugatae

312 2833 633 2910 NereideS,
682 2834 953 2914 dulcique
997 2835 1196 2893 timent
1239 2850 1553 2893 occurrere
1598 2843 1798 2911 ponto.

315 2918 521 2979 Tristis
565 2927 624 2978 at
663 2919 793 2978 inde
839 2918 1077 2996 gradum
1119 2918 1284 2979 tarde
1321 2926 1519 2977 movet
1559 2915 1770 2978 Inacha
1816 2917 2025 2997 pubes,

312 3002 636 3082 Praecipue
676 3001 896 3062 Elaeae
937 3001 1550 3080 Lacedaemoniaeque
1586 3002 1861 3062 cohortes

311 3086 388 3148 Et
429 3088 609 3164 Pylii;
660 3086 903 3147 subitum
946 3105 1074 3147 nam
1120 3087 1531 3148 Thiodamanta
1573 3097 1905 3164 sequuntur*
2202 3095 2306 3151 365

313 3173 551 3250 Augure
595 3171 874 3247 fraudati,
915 3172 1160 3231 necdum
1199 3190 1513 3231 accessere
1555 3172 1802 3249 regenti.

310 3255 440 3316 Nec
478 3265 572 3316 tua
615 3264 713 3329 te,
768 3256 1043 3333 princeps
1087 3256 1407 3334 tripodam,
1448 3255 1577 3315 sola
1614 3257 1840 3333 agniiua
1880 3264 2185 3335 quaerunt,

314 3337 533 3399 Cuncta
579 3338 831 3417 phalanx
872 3338 981 3399 sibi
1024 3340 1239 3399 deesse
1278 3349 1458 3419 putat.
1535 3340 1725 3401 Minor
1759 3340 1861 3400 ille
1896 3353 2010 3418 per
2047 3338 2170 3402 alas

314 3423 604 3500 Septimus
650 3430 809 3484 extat
846 3439 1029 3503 apex3
1075 3423 1293 3502 liquido
1338 3425 1499 3485 velut
1540 3425 1783 3488 aethere
1820 3423 2006 3486 nubes
