2517 3909
323 147 442 213 102
994 162 1058 209 P.
1104 160 1373 209 upum
1416 157 1653 209 sumn

318 319 657 397 Frangitur,
701 318 960 378 incertae
1003 317 1115 378 iam
1156 333 1268 377 nec
1311 313 1475 396 prior
1512 317 1757 397 inpetus
1786 313 1954 390 alno,
2012 313 2019 322 '

321 404 441 465 Sed
479 403 667 478 labat,
715 411 1010 462 extantem
1045 403 1254 462 rostris
1296 402 1471 462 modo
1518 404 1748 480 gurgite
1792 403 1848 460 in
1890 401 2040 478 imo,

319 488 486 550 Nunc
525 487 698 550 coelo
739 487 974 552 Tritona
1013 487 1230 548 ferens.
1320 486 1447 547 Nec
1489 486 1705 546 robora
1746 484 1991 566 prosunt
2094 533 2103 538 -

322 573 652 635 semideum
690 571 968 649 heroum,
1007 589 1383 652 puppemque
1430 572 1626 631 insana
1669 571 1933 650 flagellat

321 658 519 719 Arbor
559 666 619 718 et
664 657 917 717 instabili
952 656 1346 757 procumbens
1387 655 1652 757 pondere
1698 673 1907 716 curvas

321 743 534 823 Raptat
572 751 784 821 aquas,
829 743 1091 822 remique
1136 741 1350 802 cadunt
1382 743 1438 800 in
1477 750 1684 821 pectus
1727 742 1948 801 inanes.

447 833 467 866 ³
483 825 606 887 Nos
631 844 863 906 quoque
897 843 1007 906 per
1028 844 1207 905 rupes
1230 842 1639 905 murorumque
1664 841 1887 904 aggere
1912 826 1982 887 ab
2019 821 2198 907 omni,

319 912 471 973 Dum
510 910 681 972 labor
719 911 821 972 ille
862 912 1006 971 viris
1045 907 1313 989 fretaque
1350 910 1712 989 indignantur
1751 919 1810 971 et
1849 911 2136 996 Austros,

320 996 596 1075 Desuper
631 995 897 1058 invalidis
940 996 1214 1057 fluitantia
1256 996 1376 1057 tela
1421 996 1658 1056 lacertis
1699 1031 1786 1042 —-

322 1080 474 1155 Quid
517 1098 631 1140 non
673 1098 811 1142 ausa
854 1077 1096 1141 manus?
1136 1115 1221 1128 --
1264 1075 1580 1141 Telamona
1625 1089 1685 1140 et
1721 1079 1901 1141 Pelea
1946 1090 2151 1143 contra

322 1167 710 1244 SpargimuS‚
740 1174 799 1226 et
833 1175 1033 1226 nostro
1078 1163 1295 1244 petitur
1336 1164 1670 1241 Tirynthius
1714 1181 1876 1226 arcu.

319 1250 412 1310 llli
459 1251 675 1330 quippe
719 1247 888 1311 simul
929 1249 1091 1310 bello
1136 1251 1473 1330 pelagoque
1512 1249 1802 1310 laborant.

320 1333 461 1395 Pars
505 1334 712 1415 clipeis
752 1336 972 1394 munire
1011 1343 1226 1412 ratem,
1271 1353 1410 1415 pars
1446 1331 1705 1414 aequora
1739 1334 1921 1396 fundo
1976 1351 1979 1358 ·

319 1418 619 1497 Egel-ere:
666 1427 756 1479 ast
794 1419 891 1479 alii
936 1428 1223 1499 pugnant,
1269 1420 1376 1481 sed
1417 1417 1622 1479 inertia
1663 1428 1820 1480 motu

323 1502 589 1583 Corpora
629 1521 1070 1583 suspensaeque
1118 1514 1321 1568 carent
1356 1505 1657 1564 conamine
1696 1505 1875 1565 vires,

320 1587 602 1648 Instamus
647 1589 800 1649 iactu
844 1589 1125 1666 telorum,
1157 1587 1236 1650 'et
1261 1589 1473 1650 ferrea
1506 1588 1714 1648 nimbis

323 1670 523 1733 Certat
565 1672 781 1749 hiems,
827 1683 1160 1754 vastaeque
1189 1675 1367 1734 sudes
1404 1675 1693 1752 fractique
1736 1673 1989 1733 molares

320 1758 678 1837 Spiculaque
720 1766 781 1818 et
817 1758 994 1820 multa
1040 1761 1299 1820 crinitum
1343 1758 1564 1818 missile
1602 1758 1825 1818 flamma

318 1840 484 1901 Nunc
524 1842 740 1921 pelago
783 1861 935 1904 nunc
975 1861 1174 1924 puppe
1209 1843 1460 1919 ·‚cadunt
1504 1843 1601 1903 dat
1645 1850 1850 1922 operta
1888 1841 2186 1919 fragorem

318 1927 528 2002 Pinus,
576 1936 633 1987 et
677 1926 960 1988 abiunctis
1004 1937 1309 2007 regemunt
1347 1889 1604 1989 tab⁷ulata
1642 1928 1948 1988 cavernis,-

448 2010 643 2072 ‘Talis
686 2011 1071 2091 Hyperborea
1111 2012 1334 2073 virides
1375 2013 1510 2073 nive
1546 2012 1826 2072 verberat
1868 2027 2044 2089 agros

318 2096 630 2175 Iuppiter-33
655 2096 918 2157 obruitur
953 2100 1174 2178 campis
1216 2116 1402 2177 genus
1447 2114 1616 2157 omne
1658 2097 1943 2173 ferarum,

318 2180 785 2260 Deprensaeque
832 2182 1040 2242 cadunt
1083 2183 1393 2260 volucres,
1444 2191 1500 2242 et
1540 2182 1748 2242 messis
1791 2199 1986 2241 amaro

320 2266 510 2326 Strata
550 2265 719 2343 gelu,
763 2266 967 2344 fragor
1002 2266 1136 2327 inde
1181 2269 1365 2347 iugis,
1410 2266 1543 2327 inde
1586 2266 1844 2327 amnibus
1890 2266 2031 2328 irae.

448 2348 560 2411 ‘Ut
593 2367 738 2410 vero
776 2351 931 2411 elisit
971 2350 1156 2412 nubes
1201 2351 1345 2412 Iove
1384 2361 1569 2411 tortus
1615 2351 1686 2411 ab
1732 2351 1851 2411 alto

318 2432 478 2511 Ignis
522 2443 581 2494 et
623 2436 890 2537 ingentes
934 2446 1178 2516 patuere
1220 2439 1279 2498 in
1323 2436 1535 2496 lumine
1578 2444 1819 2511 nautae,

318 2517 636 2596 Diriguere
675 2522 877 2597 animi,
918 2522 1300 2601 manibusque
1347 2521 1594 2582 horrore
1638 2521 1897 2580 remissis

317 2602 495 2663 Arma
539 2602 739 2665 aliena
771 2608 1012 2685 cadunt,
1055 2607 1302 2668 redeunt
1340 2607 1396 2665 in
1448 2615 1690 2685 pectora
1734 2622 1933 2664 sexus.

321 2685 625 2750 Cernimus
672 2689 961 2752 Aeacidas
1006 2693 1300 2770 murisque
1344 2692 1572 2751 inmane
1612 2692 1919 2750 minantem

319 2772 615 2833 Ancaeum
662 2784 720 2835 et
758 2776 934 2854 longa
979 2777 1315 2877 pellentem
1343 2775 1585 2855 cuspide
1627 2789 1807 2853 rupes

318 2856 578 2936 Iphiton;
627 2862 869 2921 attonito
913 2861 1250 2922 manifestus
1292 2863 1349 2922 in
1385 2859 1611 2940 agmine
1652 2869 1839 2938 supra
1872 2866 1963 2919 est

320 2941 904 3021 Amphitryoniades,
950 2963 1324 3024 puppemque
1368 2945 1623 3006 alternus
1668 2945 1952 3030 utrimque

319 3026 592 3105 Ingrava't
634 3038 694 3089 et
734 3030 957 3090 medias
994 3029 1159 3090 ardet
1197 3029 1563 3091 descendere
1605 3030 1662 3088 in
1703 3023 1907 3089 undas,

451 3111 567 3172 ‘At
612 3114 761 3174 levis
806 3122 864 3174 et
903 3116 1154 3175 miserae
1197 3116 1447 3176 nondum
1488 3114 1625 3173 mihi
1663 3121 1832 3173 notus
1875 3112 2050 3173 lason

322 3197 595 3258 Transtra
636 3216 745 3277 per
787 3205 845 3258 et
887 3213 1082 3258 remos
1123 3202 1509 3279 inpressaque
1557 3208 1725 3276 terga
1770 3199 2060 3275 virorum,

319 3280 486 3341 Nunc
522 3299 784 3359 magnum
831 3281 1129 3360 Oeniden,
1173 3301 1325 3343 nunc
1367 3283 1468 3343 ille
1506 3282 1828 3343 hortatibus
1864 3281 2062 3360 Idam,

319 3364 396 3425 Et
435 3364 671 3425 Talaum
715 3374 775 3426 et
810 3383 953 3430 cana
996 3376 1289 3428 rorantem
1324 3367 1677 3447 adspergine
1720 3368 1885 3447 ponti

320 3448 686 3526 Tyndariden
723 3450 943 3512 iterans
986 3449 1287 3531 gelidique
1333 3453 1390 3516 in
1434 3451 1590 3513 nube
1625 3452 1887 3532 parentis

2220 323 2329 381 370

2218 751 2326 807 375

2216 1177 2324 1256 389
