2517 3909
822 124 1222 176 mammos
1255 95 1401 174 ΠΒ.
1445 125 1539 173 1v.

183 283 387 363 Usque
431 282 656 346 adeone
672 290 680 298 “
696 299 895 363 parum
942 281 1125 344 cineri
1160 281 1295 346 data
1335 289 1518 344 mater
1556 280 1811 360 iniquo,‘

175 367 536 448 Natalesque
569 369 722 445 rogi,
766 384 1032 447 quaeque
1071 367 1201 447 ipse
1244 367 1509 430 micantia
1551 366 1710 426 sensi

176 448 475 531 Fulgura?
560 452 880 532 Relliquias
925 453 1098 513 etiam
1138 450 1422 530 fusaeque
1465 449 1795 529 sepulerum

183 537 422 599 Pellieis
467 546 527 599 et
569 536 821 600 residem
862 537 1026 599 ferro
1068 536 1212 616 petit
1255 533 1500 616 inproba
1544 529 1802 598 Theben.

178 621 429 683 Nectam
464 621 669 685 fraude
708 638 940 691 moras·‚
980 621 1174 698 illum,
1215 620 1374 684 illum
1416 620 1631 682 tendite
1674 634 1957 698 eampum,

180 706 462 784 Tendite,
503 707 592 784 io,
638 707 922 768 comites?
983 704 1251 781 Hyrcana
1293 705 1366 766 ad
1404 704 1568 782 signa
1615 703 1841 782 iugales

173 789 510 853 Intumuere
553 790 746 868 iubas,
791 790 945 854 dieto
984 791 1143 870 prius
1184 789 1400 858 adstitit
1435 790 1609 850 arvis.

2086 111 2163 175 87

2063 456 2165 511 675

308 875 560 955 Tempus
605 884 764 953 erat,
804 875 978 938 medii
1021 893 1193 954 quum
1232 874 1422 936 solem
1462 877 1520 934 in
1551 873 1803 938 eulmina
1831 859 2023 936 mundi
2065 881 2169 937 680

181 959 363 1021 Tollit
397 960 604 1024 anhela
645 959 808 1037 dies,
849 958 946 1022 ubi
985 959 1181 1022 tardus
1221 958 1507 1022 hiantibus
1551 955 1705 1022 arvis

181 1045 312 1106 Stat
354 1061 572 1124 vapor,
617 1053 792 1124 atque
828 1061 1044 1105 omnes·
1071 1043 1372 1106 admittunt
1411 1043 1650 1106 aethera
1693 1042 1827 1105 luei.

179 1127 474 1191 Undarum
509 1138 682 1192 vocat
723 1129 826 1190 ille
862 1130 1039 1206 deas,
1077 1129 1418 1208 mediusque
1464 1128 1732 1190 silentum

179 1213 418 1293 Incipit:
466 1212 788 1291 ‘Agrestes
829 1213 1131 1276 fluviorum
1168 1213 1394 1274 numina
1429 1210 1754 1292 Nymphae,
1818 1265 1821 1272 .
1936 1253 1945 1262 -

179 1296 258 1359 Et
306 1300 490 1362 nostri
533 1317 668 1378 pars
703 1315 909 1376 magna
948 1299 1188 1377 gregis,
1231 1297 1492 1377 perferte
1537 1297 1823 1375 laborem,

179 1382 375 1458 Quem
417 1383 632 1445 damus.
720 1381 1037 1461 Argolicos
1079 1383 1312 1462 paulum
1349 1382 1486 1443 mihi
1524 1381 1777 1444 fontibus
1821 1397 2020 1446 amnes

182 1469 519 1547 stagnaque
563 1475 625 1527 et
667 1476 928 1529 errantes
966 1467 1241 1532 obducite
1283 1466 1526 1547 pulvere
1564 1467 1781 1528 rivos.·
1852 1509 1856 1513 -

179 1551 538 1631 Praecipuus
578 1550 863 1627 Nemees,
903 1570 1018 1631 qua
1053 1561 1251 1613 nostra
1289 1553 1347 1612 in
1388 1553 1613 1613 moenia
1648 1549 1830 1613 ‘bellis

178 1634 350 1697 Nune
390 1637 534 1714 iter,
577 1654 652 1700 ex
695 1635 813 1698 alto
848 1637 1032 1714 fugiat
1077 1637 1298 1715 liquor;
1344 1636 1573 1698 adiuvat
1614 1636 1744 1715 ipse

179 1718 458 1781 Phoebus
506 1721 579 1784 ad
620 1721 736 1782 hoe
771 1738 1030 1797 summo,
1065 1728 1265 1784 eesset
1300 1721 1358 1780 ni
1394 1730 1589 1782 vestra
1631 1719 1919 1793 voluntas,

180 1804 418 1874 Limite;
464 1807 577 1866 vim
623 1806 854 1884 eoeptis
887 1804 1190 1884 indulgent
1228 1813 1416 1881 astra,
1456 1820 1741 1882 meaeque

180 1889 449 1951 Aestifer
486 1888 777 1968 Erigones
815 1898 1039 1969 spumat
1082 1890 1260 1952 oanis.
1345 1887 1432 1951 Ite
1469 1887 1763 1963 volentes,

180 1972 276 2035 Ite
321 1975 377 2033 in
420 1983 627 2054 operta
667 1974 813 2044 soli;
863 1983 999 2054 post
1037 1991 1146 2035 vos
1189 1990 1306 2052 ego
1349 1974 1582 2052 gurgite
1626 1972 1805 2051 pleno

183 2057 471 2135 Eliciam‚
509 2067 570 2120 et
611 2076 762 2138 quae
798 2059 953 2121 dona
992 2059 1142 2120 meis
1182 2058 1536 2138 amplissima
1578 2056 1763 2118 saeris

184 2142 408 2204 Vester
447 2142 686 2205 habebit
722 2143 944 2221 honos,
988 2152 1382 2223 nocturnaque
1424 2143 1578 2205 furta
1620 2141 1893 2203 lieentum

187 2225 583 2307 Cornipedum
627 2237 687 2289 et
729 2229 968 2309 cupidas
1007 2226 1332 2290 Faunorum
1373 2226 1590 2291 arcebo
1631 2223 1909 2306 rapinas.'

312 2311 585 2374 Dixerat:
631 2321 721 2374 ast
761 2313 876 2378 illis
919 2313 1148 2376 tenuior
1190 2330 1543 2393 percurrere
1585 2311 1743 2372 visus

187 2394 309 2457 Ora
349 2397 528 2473 situs,
572 2397 889 2477 viridisque
930 2399 1111 2459 comis
1153 2395 1453 2462 exhorruit
1494 2397 1716 2460 humor.

182 2481 454 2542 Protinus
488 2481 757 2543 Inachios
791 2482 977 2543 haurit
1013 2483 1138 2543 sitis
1175 2483 1350 2561 ignea
1386 2498 1643 2561 campos.

182 2564 492 2644 Diffugere
540 2566 757 2644 undae,
791 2567 1072 2646 'squalent
1113 2568 1427 2646 fontesque
1472 2566 1776 2645 lacusque,

185 2648 265 2711 Et
307 2668 448 2713 oava
488 2650 739 2712 ferventi
780 2652 1095 2713 durescunt
1129 2651 1358 2722 flumina
1400 2651 1559 2712 limo.

182 2734 389 2813 Aegra
430 2736 559 2797 solo
604 2737 856 2813 macies,
901 2737 1205 2817 tenerique
1248 2737 1308 2796 in
1350 2737 1578 2815 origine
1621 2734 1796 2797 culmi

187 2818 469 2883 Inclinata
513 2838 726 2900 seges,
764 2820 1075 2900 deeeptum
1116 2822 1377 2899 margine
1416 2823 1582 2902 ripae
1730 2841 1735 2845 ·

191 2906 321 2966 Stat
364 2923 581 2984 peeus,
626 2913 801 2984 atque
839 2923 1037 2966 amnes
1084 2915 1367 2986 quaerunt
1409 2914 1664 2972 armenta
1705 2913 1950 2965 natatos.

317 2989 418 3050 Sic
458 2989 558 3050 ubi
599 3008 668 3051 se
713 2990 935 3068 magnis
970 2989 1185 3054 refluus
1227 2992 1559 3070 suppressit
1600 2990 1658 3050 in
1700 2989 1876 3054 antris

189 3072 359 3134 Nilus
395 3083 453 3135 et
494 3073 660 3136 ane
701 3075 976 3153 liquentia
1017 3074 1234 3154 pabula
1273 3074 1510 3137 brumae

192 3156 311 3218 Ore
362 3159 606 3238 premit,
644 3158 859 3222 fumant
898 3160 1167 3222 desertae
1207 3161 1442 3238 gurgite
1479 3159 1690 3236 valles,

190 3240 267 3302 Et
310 3244 490 3322 patris
533 3242 738 3305 undosi
779 3246 1001 3306 sonitus
1043 3253 1319 3324 expectat
1361 3244 1555 3310 hiulca

190 3325 535 3407 Aegyptos,
581 3328 771 3389 donee
811 3328 1032 3392 Phariis
1067 3329 1353 3398 alimenta,
1378 3338 1625 3407 rogatus·
1728 3344 1735 3350 ·

191 3408 388 3473 Donet
431 3412 587 3491 agris
626 3431 1008 3494 magnumque
1050 3415 1284 3480 inducat
1321 3413 1608 3482 messibus
1650 3426 1873 3474 annum.

2069 1303 2170 1358 685

2069 1724 2173 1780 690

2074 2568 2177 2625 700

2072 2991 2273 3047 705⁴·

2073 3413 2178 3470 710
