2517 3909
318 116 435 180 186
981 131 1073 181 J».
1110 130 1382 181 mnan
1425 130 1653 185 snm

314 286 611 348 Seditione
652 285 827 347 maris
867 286 1253 366 nequicquam
1297 286 1567 353 obstante
1605 289 1879 367 magistro

311 372 487 434 Errat
529 380 590 432 et
630 388 844 433 averso
883 371 1035 432 redit
1075 373 1133 431 in
1173 373 1427 449 vestigia
1464 373 1622 433 velo-

311 457 445 517 Non
477 455 558 516 ibi
599 455 872 517 Sidoniae
921 456 1244 519 valuissent
1287 455 1517 535 pellere
1560 467 1777 537 coepto

311 540 784 622 Hippomedonta
815 558 1050 618 manus,
1099 558 1219 602 non
1258 541 1419 605 illum
1461 544 1691 622 inpacta
1732 552 2041 607 moverent
2227 554 2339 609 145

315 625 623 686 Tormenta
665 627 1029 705 oppositum,
1077 625 1482 705 formidatique
1526 627 1798 706 superbis

316 710 592 771 Turribus
630 710 892 790 inpulsus
932 718 1211 789 temptato
1255 709 1506 774 umbone
1546 712 1856 775 redissent.

314 796 436 857 Sed
475 812 695 855 memor
735 793 922 870 Elysii
959 797 1119 872 regis
1162 812 1469 875 noxasque
1510 814 1830 863 recensens

317 880 555 958 Tydeos
594 880 652 940 in
694 878 919 940 medios
962 889 1091 943 asta
1133 879 1288 943 subit
1330 881 1487 959 inpia
1526 899 1768 960 campos

315 964 664 1045 Tisiphone-3
707 983 951 1027 sensere
992 965 1188 1040 acies,
1227 963 1568 1044 subitusque
1608 967 1861 1029 cucurrit
2224 977 2341 1031 150

315 1050 507 1111 Sudor
546 1051 711 1129 equis
754 1048 1051 1128 sudorque
1087 1050 1260 1126 viris,
1309 1067 1648 1130 quamquam
1689 1067 1793 1113 ore
1836 1049 2089 1113 remisso

312 1134 606 1196 Inachium
645 1133 903 1212 fingebat
939 1133 1158 1210 Halyn,
1204 1151 1486 1213 nusquam
1521 1136 1708 1214 inpius
1744 1136 1898 1212 ignis

313 1218 731 1299 Verberaque,
777 1228 837 1280 et
870 1219 1011 1279 iussi
1050 1227 1296 1281 tenuere
1333 1219 1562 1283 silentia
1605 1221 1819 1280 crines·

314 1305 491 1365 Arma
530 1305 683 1381 gerit
718 1305 996 1382 iuxtaque
1034 1302 1147 1365 feri
1189 1303 1860 1383 latusvflippomedontis

312 1387 531 1450 Blanda
573 1405 756 1466 genas
798 1404 1125 1466 vocemque
1167 1387 1361 1464 venit,
1413 1397 1609 1451 tamen
1648 1389 1752 1450 ille
1791 1387 2091 1468 loquentis
2223 1398 2334 1451 155

312 1471 589 1534 Extimuit
631 1471 822 1532 vultus
862 1471 1292 1552 admiraturque
1334 1472 1618 1535 timorem.

313 1558 424 1618 Ille
465 1564 655 1618 autem
697 1555 1002 1617 lacrimans
1047 1555 1171 1617 ‘Tu
1210 1575 1393 1634 nunc,
1441 1558 1552 1635 ait,
1594 1557 1830 1633 inclite,
1877 1557 2096 1619 frustra

312 1641 626 1702 Exanimes
667 1642 868 1701 socios
906 1639 1312 1722 inhumataque
1362 1659 1616 1721 corpora
1651 1640 1881 1705 Graium
1921 1675 2008 1688 —-

316 1725 559 1787 Scilicet
594 1726 643 1785 is
684 1723 855 1786 nobis
890 1734 1112 1803 metus,
1158 1734 1255 1788 aut
1299 1727 1409 1789 iam
1455 1745 1594 1789 cura
1633 1723 1933 1805 sepulcri?
1977 1759 2065 1773 —-·

313 1810 616 1890 Protegis3
662 1811 791 1889 ipse
830 1827 1001 1871 manu
1038 1809 1213 1888 Tyria
1253 1810 1357 1873 tibi
1403 1820 1606 1891 captus
1639 1810 1925 1875 Adrastus
2152 1853 2163 1862 -
2220 1818 2335 1874 160

314 1894 625 1976 Raptatur,
667 1903 844 1974 teque
883 1903 1016 1956 ante
1058 1895 1240 1972 alioS,
1286 1905 1345 1957 te
1386 1913 1542 1959 voce
1582 1913 1868 1974 manuque

312 1979 585 2057 Invocat,
630 1980 745 2041 heu
789 1979 1019 2059 qualem
1062 1980 1296 2059 lapsare
1330 1981 1396 2041 in
1439 1981 1716 2058 sanguine
1756 1980 1894 2057 vidi,

312 2065 564 2126 Exutum
606 2083 784 2125 canos
825 2064 1028 2127 lacero
1070 2064 1395 2127 diademate
1438 2065 1658 2129 crines!
2486 2026 2492 2125 l

311 2150 441 2211 Nec
482 2149 691 2230 procul
733 2150 898 2224 hinc,
944 2149 1184 2210 adverte
1229 2149 1473 2226 oculos,
1516 2149 1615 2210 ubi
1659 2148 1940 2229 plurimus
1977 2148 2083 2210 ille

313 2234 546 2312 PulviS‚
589 2233 684 2294 ubi
725 2234 826 2294 ille
868 2232 1130 2312 globus)
1207 2233 1446 2297 Paulum
1489 2235 1648 2295 stetit
1688 2234 1891 2295 anxius
1933 2232 2116 2295 heros
2221 2245 2335 2302 165

312 2318 699 2398 Librabatque
735 2327 952 2387 metus;
998 2319 1210 2397 puemit
1246 2337 1459 2397 aspera
1488 2319 1688 2397 virgo:
1734 2314 1924 2390 ‘Quid
1953 2316 2220 2383 haeres?

312 2401 509 2463 Imus?
553 2421 625 2464 an
662 2403 719 2463 hi
760 2404 1013 2465 retinent
1050 2401 1297 2463 manes?-
1336 2413 1399 2464 et
1431 2403 1605 2465 vilior
1638 2403 1741 2464 ille

315 2485 427 2560 Qui
462 2486 812 2567 superest‘P
876 2485 1152 2551 Miserum
1189 2488 1372 2549 sociis
1412 2504 1592 2566 opus,
1638 2497 1697 2548 et
1732 2505 1837 2549 sua
1876 2487 2111 2549 mandat

313 2569 578 2648 Proelia,
624 2580 683 2632 et
724 2573 971 2634 unanimi
1014 2572 1173 2635 vadit
1214 2572 1488 2635 desertor
1529 2573 1718 2648 amici,

312 2653 664 2734 Respiciens
705 2667 896 2718 tamen
939 2666 998 2717 et
1035 2666 1320 2718 revocent
1360 2659 1413 2718 si
1453 2656 1607 2721 forte
1650 2664 1906 2735 paratus.
2225 2667 2337 2723 170

312 2738 455 2799 Inde
503 2739 710 2818 legens
753 2741 981 2803 turbata
1022 2743 1203 2803 trucis
1248 2742 1500 2819 vestigia
1540 2741 1711 2803 divae

311 2823 442 2883 Huc
484 2823 627 2885 illuc
666 2826 879 2886 frustra
917 2827 1031 2886 ruit
1065 2827 1264 2902 avius,
1311 2827 1469 2905 inpia
1509 2826 1699 2889 donec

310 2906 587 2971 Eumenis
632 2928 709 2971 ex
749 2909 936 2970 oculis
977 2910 1201 2970 reiecta
1245 2910 1483 2973 caerula
1522 2928 1719 2990 parma

313 2991 516 3071 Fugit,
565 3005 626 3056 et
668 2995 947 3053 innumeri
982 2994 1213 3070 galeam
1249 3012 1466 3074 rupere
1505 3003 1791 3057 cerastae.

398 3138 404 3143 ,
440 3078 712 3158 Adspicit
750 3075 955 3137 infelix
996 3078 1260 3141 discussa
1299 3079 1454 3141 nube
1496 3081 1729 3159 quietos
2229 3092 2335 3150 175

311 3161 615 3222 Inachidas
661 3179 1006 3240 currumque
1049 3163 1189 3225 nihil
1231 3165 1542 3227 metuentis
1576 3162 1828 3225 Adrasti.

310 3244 388 3305 Et
425 3244 584 3321 Tyrii
625 3247 741 3306 'iam
784 3260 1002 3324 corpus
1043 3244 1293 3322 habent,
1335 3248 1447 3309 iam
1489 3247 1700 3325 gaudia
1736 3263 2005 3327 magnae·

311 3326 622 3389 Testantur
655 3346 875 3405 voces,
919 3330 1225 3407 victorque
1268 3330 1521 3395 ululatus
1561 3332 1792 3395 aderrat

310 3410 566 3471 Auribus
613 3413 966 3492 occultoque
1009 3413 1144 3473 ferit
1188 3416 1535 3493 praecordia
1573 3416 1748 3479 luctu.
