2517 3909
109 180 249 215 xvm
802 160 1143 216 EDITORIS
1181 161 1616 221 PRAEFATIO.

113 309 434 392 processit
492 305 775 398 Statius2
847 307 1029 372 uerbi
1088 308 1300 392 gratia
1358 309 1499 374 silu.
1544 309 1643 376 III
1693 309 1751 392 5,
1797 311 1881 375 48
1943 310 2114 374 inter
2166 312 2258 373 fe-

114 399 326 462 minas
357 397 534 462 domi
574 420 612 461 a
649 397 901 462 maritis
933 419 999 461 se
1028 397 1285 461 relictas
1315 398 1608 463 dolentes
1635 399 1960 463 habentur
1986 399 2257 484 Aegiale

114 492 180 553 et
224 487 574 571 Meliboea,
629 486 706 551 de
762 508 1035 571 quarum
1080 487 1196 550 illa
1239 488 1433 570 plane
1481 489 1804 553 contraria
1847 493 2119 553 narrant
2162 489 2256 552 fa—

112 578 333 656 bulae,
390 576 552 640 haec
605 576 796 641 nobis
856 580 1026 639 certe
1080 576 1311 661 ignota
1356 580 1472 642 est.
1563 578 1744 643 uides
1802 578 1954 662 quid
2001 578 2095 641 rei
2144 579 2258 643 sit:

113 691 291 732 mera
346 667 619 731 nomina
674 665 895 749 posuit
950 668 1145 749 poeta
1199 667 1697 751 nominibusque
1744 668 2078 751 imponere
2126 670 2260 731 stu-

114 757 270 821 duit.
365 759 479 821 aut
533 777 679 821 cum
733 754 1092 819 Domitiani
1148 776 1384 839 equum
1452 778 1597 821 cum
1652 756 1931 823 Troiano
2001 779 2257 841 compa-

113 868 268 911 rans
314 846 346 909 Ι
398 848 453 930 1,
506 847 580 911 11
635 867 771 929 sqq.
821 844 1153 910 scriberet:

402 1023 564 1077 Hunc
601 1038 783 1090 neque
821 1019 1068 1076 discissis
1109 1021 1387 1091 cepissent
1422 1022 1697 1092 Pergama
1735 1023 1921 1093 muris,

399 1095 519 1149 Nec
554 1110 726 1163 grege
761 1092 1039 1162 permixto
1076 1094 1240 1163 pueri
1275 1094 1657 1164 innuptaeque
1693 1095 1944 1165 puellae,

403 1168 531 1237 Ipse
569 1182 673 1219 nec
709 1164 928 1220 Aeneas
965 1180 1069 1219 nec
1105 1183 1343 1236 magnus
1382 1166 1610 1221 duceret
1644 1166 1868 1236 Hector,

118 1353 246 1415 qua
291 1330 426 1415 egit
470 1328 906 1413 festinatione,
954 1330 1193 1395 oblitus
1240 1333 1341 1394 est
1376 1330 1722 1396 Hectorem
1761 1333 1901 1396 tum
1944 1332 2259 1416 temporis

119 1419 359 1484 dudum
397 1420 567 1484 inter
594 1422 887 1484 mortuos
924 1416 1226 1505 fuissess).
1285 1419 1427 1484 aliis
1459 1443 1713 1506 quoque
1755 1421 2062 1485 siluarum
2100 1422 2260 1486 locis

118 1510 360 1593 multiS,
408 1508 521 1574 ubi
551 1509 743 1573 altius
773 1509 1260 1592 introspicimus
1290 1531 1495 1594 neque
1525 1510 1873 1575 uerborum
1899 1532 2019 1575 nos
2050 1511 2265 1576 sonitu

120 1599 389 1664 deleniri
453 1600 766 1683 patimur,
827 1602 1144 1682 apparatu
1209 1599 1323 1663 illo
1389 1599 1828 1684 mythologico
1893 1622 2026 1664 non
2089 1603 2262 1664 recte

120 1688 408 1753 adhibito
469 1688 874 1771 offendimur,
932 1688 1548 1773 offendebanturque
1608 1690 1744 1752 sine
1792 1689 1985 1753 dubio
2035 1711 2111 1753 ex
2156 1711 2264 1753 ue-

119 1779 362 1842 teribus
409 1778 618 1842 multi.
692 1777 851 1841 haec
899 1777 1100 1863 igitur
1146 1777 1470 1861 patienter
1536 1777 1804 1842 ferenda
1851 1782 2004 1842 sunt
2050 1782 2115 1842 et
2161 1801 2263 1842 ex-

120 1867 404 1932 cusanda
433 1890 511 1931 ex
551 1867 678 1930 ista
709 1866 1030 1932 scribendi
1060 1866 1406 1932 celeritate.
1476 1868 1821 1952 eademque
1850 1868 2266 1953 neglegentia

118 1958 188 2021 in
235 1957 377 2020 aliis
425 1978 677 2041 quoque
724 1957 946 2041 rebus,
1000 1956 1279 2019 maxime
1337 1978 1498 2042 quae
1549 1957 1630 2022 ad
1687 1957 2046 2021 carminum
2094 1980 2264 2022 com-

119 2046 512 2131 positionem
561 2047 860 2129 attinent,
909 2046 1211 2110 cernitur.

168 2207 171 2208 ⁷
297 2135 718 2201 Peruenimus
767 2136 847 2200 ad
895 2133 1146 2200 dicendi
1193 2155 1424 2220 genua
1492 2139 1634 2200 erat
1682 2134 1929 2201 Statius
1978 2158 2265 2201 summus

121 2248 427 2305 uersuum
486 2225 930 2289 faciendorum
986 2224 1234 2290 artifex.
1328 2247 1404 2289 ex
1461 2220 1718 2290 assidua
1772 2225 2048 2290 lectione
2104 2222 2266 2311 (fere

123 2337 347 2381 omnes
423 2337 582 2399 quos
660 2314 917 2399 quidem
983 2314 1286 2379 nouimus
1360 2318 1586 2398 poetas
1650 2314 1982 2380 Romanos
2055 2315 2266 2400 magis

122 2405 419 2470 minusue
486 2408 713 2489 aperta
775 2404 1135 2468 imitatione
1193 2401 1534 2490 expressit)
1583 2404 1756 2468 bona
1812 2407 1875 2468 et
1929 2404 2146 2468 indole
2203 2408 2270 2468 et

122 2494 438 2559 memoria
477 2494 731 2559 adiutus
777 2494 845 2558 id
891 2494 1230 2559 adsecutus
1280 2498 1423 2558 erat
1459 2496 1533 2557 ut
1569 2494 1747 2558 nullo
1786 2493 2007 2558 labore
2045 2516 2269 2558 uersus

125 2584 424 2649 funderet
478 2587 680 2670 utque
736 2583 1048 2670 dictiones
1104 2582 1392 2668 poeticas
1450 2604 1489 2647 a
1542 2583 1865 2667 prioribus
1921 2587 2269 2667 usurpatas

126 2696 264 2738 non
311 2678 649 2759 tamquam
697 2696 937 2757 seruus,
985 2673 1096 2737 sed
1143 2677 1217 2737 ut
1261 2694 1373 2736 rex
1421 2675 1613 2757 atque
1661 2673 1961 2738 dominus
2007 2673 2078 2737 in
2123 2695 2269 2757 pro-

123 2764 337 2848 prium
405 2763 742 2828 adhiberet
805 2786 1011 2827 usum.
1113 2762 1223 2827 sed
1291 2784 1435 2826 cum
1503 2763 1573 2826 in
1630 2761 1963 2826 Thebaide
2028 2762 2271 2846 partim

128 2853 314 2938 quasi
364 2852 688 2937 quoddam
728 2855 1052 2917 certamen
1089 2852 1286 2916 iniret
1332 2873 1477 2916 cum
1525 2851 1958 2916 anterioribus
2005 2852 2269 2916 horum-

126 2965 247 3029 que
303 2942 478 3006 dicta
532 2943 764 3007 callide
823 2946 889 3007 et
935 2941 1279 3006 artificiose
1326 2941 1718 3025 imitaretur,
1772 2941 2013 3024 partim
2060 2962 2268 3005 nouas

126 3032 508 3118 procuderet
564 3032 899 3117 dictiones,
955 3033 1180 3095 contra
1236 3031 1308 3094 in
1365 3030 1548 3095 siluis
1604 3032 1815 3116 magis
1873 3032 2065 3095 tritas
2121 3029 2272 3094 iniit

269 3318 320 3387 ²¹⁶)
358 3317 608 3388 procliue
637 3318 723 3373 est
751 3317 1244 3372 emendatiuncula
1272 3315 1467 3386 aliqua
1494 3314 1634 3370 talia
1662 3314 1890 3384 tollere3
1930 3313 2108 3367 ueluti
2134 3311 2276 3366 mihi

127 3390 429 3460 aliquando
468 3389 528 3444 in
563 3391 810 3445 mentem
848 3387 1004 3444 uenit
1040 3388 1262 3443 Actoris
1303 3405 1507 3453 nomen
1544 3403 1828 3457 reponere.
1910 3385 2007 3441 sed
2044 3384 2150 3440 hoc
2189 3385 2275 3439 est

127 3464 312 3533 ipsum
350 3461 627 3532 corrigere
664 3462 909 3531 poetam.
