2517 3909
351 151 469 215 198
1029 164 1095 214 Ρ.
1126 164 1394 212 Parnm
1423 163 1654 213 suu-11

346 321 657 382 Maenadas
698 329 873 401 atque
921 320 1151 381 hostem
1193 321 1337 382 dixit
1383 322 1646 382 saevisse
1685 319 1963 396 Lyaeum.

349 406 499 466 Dum
540 406 718 483 gemit
754 415 814 465 et
855 406 1089 484 planctu
1127 406 1444 466 circumdat
1481 414 1688 485 pectas
1730 406 1903 483 inani,

349 490 664 569 Abrupere
706 491 864 550 oculi
898 499 1162 566 noctem,
1205 492 1556 569 moestoque
1599 488 1774 549 cubili
2254 501 2352 556 600

350 574 530 634 Exilit
576 584 635 634 et
677 574 860 636 falsos
904 575 1131 655 quaerit
1172 593 1283 653 per
1326 573 1535 634 lumina
1579 573 1771 634 fletus.

474 658 635 736 Ergo
672 668 736 719 ut
770 660 828 718 in
866 677 1032 720 amne
1072 659 1240 720 nefas
1280 676 1476 719 merso
1511 667 1603 718 ter
1649 660 1808 718 crine
1849 660 2031 738 piavit

347 743 664 822 Verbaque
707 743 992 805 sollicitas
1033 754 1276 804 matrum
1317 744 1564 804 solantia
1607 760 1777 804 curas

349 828 615 904 Addidit,
652 838 904 889 armatae
945 829 1058 888 ruit
1099 829 1173 889 ad
1216 827 1459 889 delubra
1501 827 1720 888 Dianae

349 911 510 973 Rore
554 911 661 972 suh
709 912 874 989 Eoo,
919 923 1207 991 notasque
1251 931 1328 973 ex
1367 913 1572 973 ordine
1616 913 1796 973 silvas
2257 920 2352 978 605

347 995 423 1056 Et
465 1015 741 1075 quercum
777 999 981 1075 gavisa
1022 997 1206 1066 viden
1252 1007 1391 1058 tunc
1436 997 1631 1057 limine
1673 996 1841 1057 divae

350 1081 585 1143 Adstitit
624 1091 683 1142 et
723 1083 826 1143 tali
869 1084 1253 1161 nequicquam
1295 1098 1447 1142 voce
1488 1090 1787 1160 precatur:

471 1166 691 1245 ‘Virgo
734 1176 944 1245 potens
987 1183 1317 1241 nemorum,
1362 1168 1525 1226 cuius
1566 1182 1683 1225 non
1720 1165 1922 1227 mollia
1959 1168 2136 1245 signa

350 1251 725 1329 Militiamque
769 1260 991 1312 trucem
1033 1269 1236 1311 sexum
1280 1252 1571 1329 indignata
1618 1250 1931 1330 frequento

351 1336 517 1397 More
561 1336 700 1396 nihil
746 1335 955 1410 GraiO,
999 1354 1113 1396 nec
1152 1345 1211 1396 te
1246 1354 1395 1413 gens
1437 1352 1650 1414 aspera
1690 1337 1803 1395 ritu
2254 1349 2357 1404 610

354 1420 591 1481 Colchis
636 1419 1066 1480 Amazoniaeve
1104 1423 1289 1498 magis
1337 1420 1578 1480 coluere
1623 1429 1927 1488 catervae;

350 1508 412 1566 Si
448 1506 582 1564 mihi
621 1521 735 1564 non
778 1523 1043 1583 umquam
1084 1505 1272 1581 thyasi
1311 1505 1555 1567 ludusve
1596 1513 1911 1582 protervae

348 1589 587 1664 Noctis,
633 1598 691 1649 et
732 1590 918 1649 inviso
964 1590 1225 1668 quamvis
1266 1598 1550 1649 temerata
1590 1587 1786 1665 cubili,

347 1673 480 1734 Non
522 1683 712 1735 tamen
756 1685 851 1735 aut
890 1682 1112 1734 teretes
1152 1673 1389 1750 thyrsos
1429 1682 1524 1734 aut
1564 1673 1763 1734 mollia
1802 1674 1963 1750 gessi

353 1759 574 1835 Pensa,
618 1759 724 1820 sed
766 1760 824 1819 in
867 1760 1089 1819 tetricis
1131 1767 1191 1818 et
1231 1769 1369 1838 post
1412 1757 1659 1819 conubia
1693 1758 1910 1832 lustris,
2258 1771 2352 1825 615

350 1845 450 1903 Sic
496 1862 730 1922 quoque
774 1844 1039 1904 venatrix
1078 1845 1440 1922 animumque
1482 1844 1721 1922 innupta
1757 1844 2036 1910 remansi;

348 1927 478 1989 Nec
517 1929 652 1989 mihi
690 1930 938 1989 secretis
982 1927 1211 2007 culpam
1255 1927 1558 1987 occultare
1603 1925 1712 1986 suh
1751 1927 1928 1987 antris

354 2011 544 2089 Cura,
585 2013 692 2074 sed
738 2013 965 2073 ostendi
1003 2022 1197 2072 natum
1238 2012 1528 2091 posuique
1572 2020 1914 2072 trementem

350 2097 504 2158 Ante
545 2107 678 2158 tuos
723 2098 994 2157 confessa
1038 2098 1259 2175 pedes;
1305 2114 1418 2155 nec
1457 2096 1719 2174 degener
1753 2095 1855 2156 ille

348 2184 687 2259 SanguiniS,
731 2183 904 2261 inque
940 2197 1104 2241 meos
1146 2181 1398 2260 reptavit
1432 2182 1695 2258 protinus
1732 2199 1921 2257 arcus,
2256 2192 2353 2248 620

352 2266 498 2328 Tela
538 2285 685 2345 puer
723 2266 974 2327 lacrimis
1015 2275 1074 2325 et
1111 2268 1293 2343 prima
1333 2282 1486 2325 voce
1527 2266 1822 2344 poposcit.

346 2350 511 2411 Hunc
545 2351 679 2411 mihi
706 2384 791 2396 —-·
820 2350 954 2430 quid
983 2351 1247 2428 trepidae
1275 2358 1482 2410 noctes
1519 2364 1868 2429 somnusque
1908 2346 2244 2410 minantur?
2268 2383 2348 2397 —-

350 2435 549 2511 Hunc,
592 2452 841 2514 precor,
887 2435 1093 2495 audaci
1136 2436 1231 2513 qui
1274 2453 1424 2495 nunc
1468 2434 1539 2494 ad
1581 2435 1807 2513 proelia
1837 2440 1977 2493 voto

349 2519 477 2579 Heu
517 2522 744 2580 nimium
787 2520 901 2580 tihi'
935 2519 1076 2579 fisus
1122 2520 1278 2595 abit,
1326 2519 1397 2580 da
1441 2520 1640 2579 visere
1681 2517 1825 2578 belli

347 2604 678 2679 Victorem,
721 2604 852 2680 vel,
899 2605 947 2663 si
988 2605 1176 2683 ampla
1216 2613 1396 2682 peto,
1443 2602 1516 2663 da
1552 2606 1750 2664 visere
1793 2611 2029 2662 tantum.
2248 2611 2344 2666 625

347 2688 456 2748 Hic
500 2688 666 2748 sudet
705 2697 920 2768 tuaque
960 2706 1118 2750 arma
1158 2690 1338 2756 ferat3
1381 2704 1615 2765 preme,
1659 2687 1821 2763 diva,
1868 2686 2155 2749 malorum

349 2774 555 2850 Signa;
603 2772 739 2851 quid
782 2775 839 2832 in
882 2777 1128 2849 nostris,
1172 2773 1486 2833 nemoralis
1529 2772 1731 2848 Delia,
1778 2771 1939 2832 silvis

348 2855 666 2918 Maenades
708 2856 955 2917 hostiles
994 2856 1387 2936 Thebanaque
1426 2858 1653 2917 numina
1689 2852 1974 2934 regnant?

347 2942 456 3002 Hei
498 2942 661 3003 mihi!
709 2960 815 3003 cur
855 2942 1120 3020 penitus,
1167 2976 1250 2987 --
1293 2944 1516 3019 simque
1563 2959 1747 3018 aug-ur
1791 2958 1960 3002 cassa
2001 2940 2212 3002 futuri!
2266 2974 2342 2987 —-

351 3026 470 3087 Cur
512 3029 741 3105 penitus
781 3043 1111 3104 magnoque
1159 3026 1517 3105 interpretor
1559 3027 1751 3086 omine
1797 3022 2116 3103 quercum?
2243 3034 2342 3089 63⁰

351 3112 522 3185 Quod
565 3114 615 3171 si
658 3129 799 3171 vera
842 3126 1025 3188 sopor
1058 3112 1308 3170 miserae
1349 3111 1658 3188 praesagia
1697 3111 1885 3187 mittit,

346 3197 461 3257 Per
497 3205 589 3270 te,
631 3204 957 3270 maternos,
996 3195 1148 3253 mitis
1192 3193 1509 3271 Dictynna,
1551 3193 1788 3255 labores

350 3278 805 3356 Fraternumque
843 3278 1060 3352 decus,
1104 3279 1273 3337 iustis
1315 3278 1469 3339 hunc
1511 3279 1628 3357 fige
1663 3279 1888 3356 sagittis

344 3360 645 3421 Infelicem
692 3371 948 3429 uterum:
989 3363 1238 3420 miserae
1275 3363 1401 3422 sine
1447 3363 1650 3424 funera
1692 3364 1888 3423 matris

346 3442 553 3519 Audiat
598 3445 698 3504 ille
742 3447 946 3524 prior)
1029 3445 1224 3522 Dixit,
1272 3445 1528 3526 fletuque
1573 3447 1767 3508 soluto
2237 3455 2331 3508 635
