2517 3909
812 172 1209 224 'mammos
1252 175 1393 224 ΜΒ.
1428 176 1525 224 lx.
1889 180 1895 185 ·
2060 167 2176 230 193

167 328 425 407 Accepit
466 337 636 389 natae
680 328 960 407 gemitus,
1007 328 1168 390 levat
1206 338 1419 411 aspera
1459 349 1659 392 musco

170 409 343 472 Colla
378 430 734 491 gravemque
777 414 918 490 gelu
960 416 1177 474 crinem
1219 415 1550 495 ceciditque
1594 419 1782 480 soluta

167 496 342 556 Pinus
386 496 581 557 adulta
618 515 817 572 manu,
865 497 1218 578 dimissaque
1257 500 1512 560 volvitur
1548 520 1710 563 urna.
2065 517 2171 571 410

164 580 335 642 Illum
380 600 488 660 per
528 583 685 660 ripas
730 600 950 643 annoso
1000 601 1252 662 scrupea
1294 585 1431 644 limo

167 665 286 726 Ora
328 676 689 726 exertantem
731 667 913 726 silvae
958 667 1231 746 fluviique
1276 670 1529 729 minores

165 749 470 810 Mirantur:
524 759 713 810 tantus
761 752 975 812 tumido
1021 753 1095 812 de
1139 755 1372 830 gurgite
1421 756 1624 831 surgit,

166 836 511 913 Spumosum
558 835 830 895 attollens
874 838 1101 915 apicem
1150 838 1436 917 lapsuque
1480 856 1696 898 sonoro

165 918 416 980 Pectora
468 920 779 980 caeruleae
820 922 958 980 rivis
1009 924 1293 982 manantia
1333 921 1569 983 barbae.
1996 968 2001 971 -
2066 937 2167 990 415

168 1002 353 1064 Obvia
396 1013 682 1082 cognatos
723 1007 970 1082 gemitus
1017 1025 1332 1085 casumque
1374 1009 1606 1087 nepotis

161 1086 776 1169 Nympharumrdocet
815 1106 925 1150 una
970 1100 1224 1168 patrem,
1269 1102 1663 1170 monstratque
1703 1102 2000 1153 cruentum

163 1172 481 1233 Auctorem
524 1174 903 1252 dextramque
945 1177 1183 1253 premit;
1233 1177 1391 1236 stetit
1428 1178 1640 1236 arduus
1683 1177 1799 1236 alto

166 1257 388 1334 Amne,
433 1275 716 1335 manuque
760 1276 944 1335 genas
987 1269 1047 1319 et
1087 1279 1238 1320 nexa
1282 1260 1598 1321 virentibus
1645 1260 1793 1321 ulvis

171 1341 401 1402 Cornua
442 1345 780 1403 concutiens
823 1346 908 1403 sic
950 1344 1209 1405 turbidus
1255 1363 1361 1405 ore
1407 1345 1697 1425 profundo
2061 1359 2166 1414 420

162 1426 402 1506 Incipit:
450 1426 724 1487 ‘Hancne
767 1429 934 1503 mihi,
982 1447 1253 1506 superum
1299 1440 1607 1507 regnator,
1652 1430 1952 1510 honorem,

166 1511 340 1585 Quod
382 1513 593 1571 totiens
637 1512 974 1591 hospesque
1017 1515 1128 1573 tuis
1173 1523 1232 1573 et
1276 1516 1544 1576 conscius
1590 1518 1757 1590 actia,

162 1595 290 1656 Nec
334 1614 656 1656 memorare
694 1599 897 1673 timor,
943 1597 1091 1658 falsa
1131 1616 1283 1658 nunc
1320 1598 1566 1677 inproba
1608 1599 1799 1660 fronte

165 1679 431 1757 Cornua,
477 1700 628 1740 nunc
669 1683 903 1742 vetitam
947 1700 1148 1741 currus
1190 1682 1524 1760 disiungere
1568 1683 1848 1744 Phoeben

161 1765 526 1844 Dotalesque
564 1782 747 1843 rogos
790 1767 1159 1845 deceptaque
1198 1766 1434 1827 fulmina
1477 1769 1593 1828 vidi
2062 1779 2164 1835 425

161 1850 636 1930 Praecipuosque
683 1851 796 1911 alui
836 1849 1140 1912 natorum?
1200 1870 1275 1911 an
1316 1852 1447 1912 vilis
1493 1861 1552 1911 et
1592 1852 1709 1912 illis
1912 1856 1921 1865 '

160 1931 397 1994 Gratia?
439 1935 510 1996 ad
553 1935 705 1995 hunc
751 1945 914 1996 certe
956 1938 1140 2014 repsit
1178 1935 1509 2012 Tirynthius
1552 1955 1796 2014 amnem,

163 2018 290 2079 Hac
334 2019 437 2080 tibi
479 2019 819 2098 flagrantem
865 2020 1152 2080 Bromium
1193 2023 1561 2080 restinximus
1606 2022 1776 2082 unda.

161 2103 457 2183 Adspice,
503 2122 646 2183 quas
690 2104 864 2164 fluvio
906 2105 1155 2179 caedes,
1203 2124 1355 2184 quae
1400 2105 1603 2165 funera
1647 2116 1875 2185 portem

161 2185 480 2248 Continuus
521 2189 656 2249 telis
700 2189 937 2267 altoque
981 2191 1299 2268 adopertus
1343 2207 1579 2251 acervo.
2059 2203 2163 2258 430

160 2270 343 2332 Omne
381 2274 589 2334 vadum
625 2273 766 2333 belli
811 2276 998 2334 series
1039 2284 1232 2352 tenet,
1288 2277 1472 2335 omnis
1516 2275 1748 2336 anhelat

158 2355 325 2416 Unda
364 2357 561 2434 nefas,
608 2358 925 2436 subterque
967 2360 1186 2425 animae
1233 2378 1526 2439 supraque
1571 2372 1843 2422 recentes

156 2440 370 2501 Errant
414 2452 471 2502 et
512 2444 773 2520 geminas
816 2442 1054 2521 iungunt
1096 2445 1345 2522 caligine
1388 2447 1569 2523 ripas.

156 2525 268 2586 Ille
313 2545 427 2604 ego
475 2528 752 2588 clamatus
798 2530 983 2588 sacris
1024 2528 1334 2589 ululatibus
1379 2530 1581 2605 amnia,
1634 2540 1639 2547 '

162 2608 279 2683 Qui
318 2612 528 2673 molles
572 2612 805 2688 thyrsos
849 2613 1270 2692 Bacchaeaque
1314 2632 1529 2674 cornua
1574 2631 1718 2693 puro
1782 2664 1789 2669 ,
2054 2627 2157 2682 435

155 2694 345 2756 Fonte
388 2696 587 2757 lavare
628 2698 823 2774 feror,
870 2699 1111 2776 stipatus
1155 2697 1435 2758 caedibus
1478 2708 1671 2759 arctas

154 2778 220 2839 ln
266 2780 415 2841 freta
460 2799 679 2861 quaero
722 2784 877 2850 vias;
935 2800 1049 2842 non
1087 2782 1429 2858 Strymonos
1466 2784 1621 2862 inpia
1666 2792 1823 2844 tauto

155 2865 374 2941 Stagna
415 2881 625 2925 cruore
666 2875 895 2944 natant,
919 2884 1053 2926 -non
1095 2867 1377 2946 spumifer
1419 2867 1588 2928 altius
1632 2867 1860 2928 Hebrus

157 2947 413 3013 Gradivo
453 2949 711 3011 bellante
748 2950 937 3013 rubet.
1018 2951 1147 3011 Nec
1183 2961 1243 3012 te
1281 2951 1551 3012 'admouet
1585 2953 1778 3013 altrix·
2126 2994 2133 3001 -

154 3033 319 3095 Unda
370 3043 614 3113 tuasque
657 3052 887 3112 manus,
930 3038 1041 3096 iam
1087 3033 1312 3114 pridem
1357 3036 1538 3097 oblite
1581 3046 1884 3116 parentum
2054 3044 2158 3099 440

152 3115 371 3179 Liber?
412 3137 483 3179 an
515 3117 684 3180 ‘Eous
728 3120 933 3180 melius
976 3129 1216 3200 pacatur
1251 3118 1602 3201 Hydaspes?

152 3202 231 3262 At
271 3212 365 3278 tu,
411 3205 801 3283 qui'tumidus
845 3206 1049 3284 spoliis
1094 3214 1155 3265 et
1198 3208 1477 3284 sanguine
1516 3207 1740 3284 gaudes

152 3287 407 3347 Insontis
453 3292 649 3367 pueri,
696 3307 812 3350 nou
849 3290 964 3350 hoc
1006 3309 1081 3350 ex
1125 3308 1290 3350 amne
1332 3301 1629 3370 potentem

153 3370 409 3432 Inachon
454 3383 551 3433 aut
591 3392 799 3435 saevas
841 3377 1031 3435 victor
1071 3375 1360 3436 revehere
1404 3375 1703 3453 Mycenas,

153 3455 223 3516 Ni
261 3458 525 3517 mortalis
570 3476 685 3536 ego
730 3468 789 3520 et
830 3459 934 3521 tibi
977 3460 1182 3522 ductus
1226 3461 1301 3522 ab
1343 3459 1581 3522 aethere
1625 3457 1904 3536 sanguis!
2052 3465 2154 3521 445

234 3561 510 3605 s'rA‘rms
557 3564 629 3605 11.
1748 3540 1822 3602 13
