2517 3909
846 147 1242 197 mnemos
1286 148 1427 197 ms.
1465 149 1536 197 x.
2070 135 2212 205 217,

189 300 574 376 Quaeritur-3⁹
622 302 877 363 incendit
911 306 1120 382 »pronis
1154 305 1270 365 dea
1314 304 1578 365 curribus
1618 305 1831 366 ¹almum
2088 314 2193 369 370

190 386 367 447 Sidus
409 396 470 447 et
510 387 744 448 admoto
785 391 1124 450 monstravit
1161 391 1367 450 funera
1408 407 1607 450 cornu.
2130 396 2135 401 ’

186 470 497 550 Apparent
536 474 725 551 campi
763 470 1121 553 Thebaeque
1163 475 1430 553 altusque
1468 472 1801 541 Cithaeron.

322 557 438 616 Sic‘
461 556 560 617 ubi
599 566 939 617 nocturnum
977 560 1189 618 tonitru
1232 559 1419 619 malus
1452 559 1692 620 aethera
1733 559 1949 636 frangit

188 640 490 719 Iuppiter,
537 640 810 702 absiliunt
847 641 1066 719 nubes,
1111 648 1179 704 'et
1220 643 1454 720 fulgure
1498 643 1658 704 claro
1807 663 1814 669 ·

186 725 372 785 Astra
417 734 648 805 patent,
690 726 1033 806 subitusque
1079 728 1266 788 oculis
1296 728 1633 788 :ostenditur
1674 728 1855 789 orbis.
2086 736 2191 792 375

189 809 450 889 Accepit
495 811 728 887 radios,
774 819 833 870 et
867 811 1081 872 eadem
1119 814 1380 890 percitus
1420 811 1685 891 Hopleus

191 892 400 968 Tydea
449 894 582 954 luce
617 895 807 964 videt:
855 896 1034 972 longe
1077 896 1214 957 dant
1256 898 1424 973 signu
1467 915 1591 975 per·
1617 897 1849 958 umbras
1976 930 1985 939 τ

187 977 390 1038 Mutua
432 978 715 1039 laetantes
749 988 822 1040 et
860 982 1104 1041 amicum
1150 981 1378 1060 pondus
1420 990 1689 1060 uterque,

193 1060 327 1122 Ceu
366 1062 618 1123 reduces
657 1064 842 1125 vitae
835 1082 1150 1144 saevaque
1193 1083 1228 1126 a
1271 1075 1459 1126 morte
1499 1068 1800 1143 remissos,

165 1146 476 1208 >Subiecta
523 1149 770 1209 cervice
800 1148 1026 1217 levant;
1065 1168 1184 1209 uec
1222 1150 1439 1227 verba,
1482 1168 1597 1210 nec
1636 1152 1759 1211 ausi
1900 1178 1905 1185 ·
2088 1161 2194 1216 380

189 1230 374 1292 Flere
412 1231 541 1309 diu,
595 1250 786 1312 prope
827 1248 1005 1294 saeva
1047 1233 1205 1311 dies,
1248 1235 1547 1314 indexque
1582 1237 1827 1296 mintur

193 1314 404 1383 Ortus;
451 1325 588 1376 eunt
630 1318 788 1378 taciti
833 1336 941 1396 per
975 1327 1206 1379 moesta
1249 1319 1481 1381 silentia
1523 1321 1745 1397 magnis

192 1399 473 1462 Passibus
516 1401 945 1482 exhaustusque
985 1402 1187 1463 dolent
1221 1404 1455 1482 pallere
1498 1405 1794 1465 tenebras

327 1484 525 1546 Invida
566 1485 686 1547 fata
729 1487 875 1567 piis,
922 1495 982 1547 et
1017 1487 1142 1547 fors
1182 1488 1515 1587 ingentibus
1554 1490 1712 1549 ausis
1948 1546 1955 1553 .

191 1569 358 1631 Rura
395 1587 628 1640 comes;
669 1571 781 1632 iam
817 1576 1008 1633 castra
1044 1571 1246 1632 vident
1276 1574 1592 1651 animisque
1625 1576 2031 1654 propinquant,
2089 1584 2193 1639 385

192 1654 277 1715 Et
319 1654 612 1716 decrescit
656 1673 831 1732 onus,
877 1654 1050 1715 subiti
1094 1674 1268 1735 quum
1306 1657 1565 1736 pulveris
1607 1658 1807 1719 umbra

191 1738 280 1800 Et
317 1756 497 1800 sonus
534 1757 568 1800 a
607 1749 813 1818 tergm
855 1740 1088 1801 monitu
1116 1741 1279 1801 ducis
1314 1759 1467 1801 aser
1505 1741 1719 1819 agebat

192 1823 494 1903 Amphion
537 1825 799 1904 equites,
845 1833 1081 1886 noctem
1117 1826 1471 1904 vigilataque
1513 1834 1702 1886 casu-a

192 1908 531 1989 Explorate
576 1909 774 1986 datus,
821 1910 1156 1989 primusque
1198 1928 1308 1988 per
1351 1911 1478 1970 avia
1516 1911 1715 1989 campi

193 1993 402 2072 Usque
447 1993 687 2073 procul,
719 1995 987 2056 :necdum
1027 2003 1184 2055 totas
1219 1994 1327 2055 lux
1366 1993 1628 2055 solverat
1671 1996 1925 2071 umbras,
2042 2022 2047 2025 ¹
2092 2005 2198 2060 390

193 2076 419 2139 Nescio
462 2079 597 2157 quid
636 2079 766 2139 visu
805 2078 1038 2139 dubium
1083 2081 1480 2158 incertumque
1522 2081 1745 2140 moveri

193 2161 589 2242 Corporaque
631 2164 722 2223 ire
758 2164 948 2232 videt3
993 2164 1220 2224 subitus
1257 2181 1397 2224 mox
1438 2164 1640 2225 fraude
1686 2174 1921 2244 reperta

195 2246 538 2308 Exclamat:
586 2245 918 2309 ‘Cohibete
956 2240 1216 2326 gradum
1237 2250 1613 2327 quicumque,
1596 2252 1650 2287 ³
1704 2250 1810 2310 sed
1848 2249 2051 2310 hostes

194 2332 356 2393 Esse
399 2333 592 2410 patet,
636 2333 834 2394 miseri
868 2342 1121 2412 pergunt
1160 2334 1385 2394 anteire
1426 2336 1742 2412 timentque

193 2415 334 2477 Non
376 2415 515 2486 sibi;
559 2425 702 2478 tunc
736 2426 983 2478 mortem
1022 2418 1268 2496 trepidis
1303 2419 1619 2494 minitatur,
1664 2427 1727 2478 et
1767 2417 1989 2479 hastam
2093 2428 2197 2483 395

195 2500 475 2580 Expulit,
523 2519 595 2562 ac
633 2519 818 2563 vanos
861 2502 980 2562 alte
1023 2501 1182 2563 levat
1222 2503 1443 2562 eminus
1487 2504 1641 2562 ictus

194 2585 504 2647 Affectans
549 2604 752 2647 errare
787 2604 1016 2655 manus;
1061 2588 1224 2647 stetit
1266 2586 1367 2647 illa
1409 2586 1706 2662 Dymantis

196 2669 359 2731 Ante
401 2670 642 2747 oculos,
688 2672 812 2749 qui
826 2671 984 2731 forte
1024 2672 1186 2751 prior
1224 2688 1608 2750 gressumque
1650 2674 1957 2752 repressit.

196 2754 285 2816 At
326 2771 442 2814 non
480 2757 871 2833 magnanimus
913 2757 1133 2819 curavit
1175 2755 1428 2833 perdere
1466 2757 1652 2816 iactus

196 2841 470 2918 Aepytus
515 2849 576 2901 et
617 2840 736 2900 fixo
772 2839 1207 2901 transverberat
1240 2839 1471 2919 Hoplea
1507 2848 1737 2918 tergo,
2094 2848 2198 2904 400

193 2924 649 3004 Pendentesque
691 2926 861 2984 etium
900 2926 1239 3003 perstrinxit
1282 2924 1516 3000 Tydeos
1552 2942 1765 2986 armos.

194 3008 438 3069 Labitur
481 3010 710 3087 egregii
752 3007 1003 3069 noudum
1041 3008 1208 3069 ducis
1243 3009 1526 3071 inmemor
1562 3009 1847 3089 Hopleus,

195 3092 565 3173 Expiratque
605 3102 847 3169 tenens,
889 3093 1067 3167 felix,
1114 3095 1166 3152 si
1206 3109 1422 3170 eorpus
1463 3093 1790 3173 ademptum

194 3176 446 3238 Nesciat
485 3196 557 3239 ac
598 3194 808 3238 saevas
850 3177 984 3238 talis
1023 3177 1348 3238 descendat
1390 3178 1462 3238 ad
1502 3178 1755 3239 umbras,

329 3260 572 3323 Viderat
612 3261 727 3323 hoc
764 3272 926 3323 retro
967 3278 1289 3321 conversus
1333 3271 1390 3322 et
1427 3263 1654 3341 agmina
1694 3262 1866 3322 sentit
2095 3266 2199 3324 405

195 3346 405 3408 Iuncta
445 3345 696 3422 Dymas,
743 3347 952 3409 dubius
993 3344 1347 3425 precibusne
1390 3347 1642 3421 subiret,
1689 3363 1759 3406 au
1795 3345 1967 3405 armis

193 3430 520 3500 Instantes3
571 3447 727 3492 arma
769 3433 855 3492 ira
897 3429 1096 3500 dabat3
1148 3430 1376 3493 fortuna
1418 3431 1671 3511 precari,
