2517 3909
839 132 1238 217 'rmpmmos
1275 137 1414 185 Lm.
1445 135 1554 195 Ix„
2067 124 2191 187 185
2224 105 2229 109 ⁵

173 295 483 375 Intorquet
526 291 805 368 iaculum,
858 292 1003 353 duro
1030 290 1206 370 ‘quod
1251 293 1309 351 in
1352 289 1491 353 aere
1528 292 1808 353 moratum

176 381 719 457 Transmissumque
762 386 955 436 tamen
998 375 1179 455 clipei
1219 379 1378 438 stetit
1422 376 1565 436 orbe
1606 379 1884 439 secundo.
2080 388 2183 442 105

174 465 324 527 Inde
365 465 586 525 Pheres
628 479 884 540 acerque
924 461 1149 537 Lycus,
1199 461 1307 521 sed
1353 480 1521 522 cassa
1563 462 1826 523 Pheretis

175 550 364 612 Hasta
406 545 588 625 redit,
634 546 824 622 Lycus
868 545 1111 605 excelso
1151 555 1387 606 terrore·
1428 556 1749 607 comantem

174 634 521 697 Perstrinxit
563 632 826 710 galeam3
873 630 1186 691 convulsae
1233 630 1477 710 cuspide
1520 631 1697 710 longe

176 720 488 797 Diffugere
533 716 737 792 iubae,
785 716 1084 794 patuitque
1130 715 1376 792 ingloria
1423 715 1626 775 cassis.

175 803 318 884 Ipse
362 821 475 863 nec
517 804 605 862 ire
649 808 843 876 retro,
885 816 1001 859 nec
1046 801 1102 859 in
1145 801 1319 859 obvia
1365 801 1628 860 concitus
1666 818 1822 862 arma
2080 811 2183 864 110

175 888 394 965 Exilit,
440 888 614 966 inque
660 884 864 945 eadem
908 902 1046 944 sese
1090 884 1344 962 vestigia
1388 902 1624 963 semper

180 971 485 1033 Obversus
529 970 748 1030 cunctis
794 969 1021 1049 profert
1062 970 1425 1048 recipitque,
1471 988 1582 1029 nec
1619 986 1885 1048 umquam

177 1056 436 1136 Longius
475 1054 740 1133 indulget
776 1055 1021 1114 dextrae
1061 1062 1369 1132 motusque
1409 1072 1518 1132 per
1562 1070 1762 1115 omues

182 1139 415 1220 Corpus
451 1149 631 1215 amat,
677 1155 893 1217 corpus
935 1155 1175 1198 servans
1212 1140 1553 1218 ⁴circumque
1590 1156 1884 1218 supraque

178 1225 460 1287 Vertitur.
543 1223 824 1284 Inbellem
868 1241 983 1283 nou
1030 1225 1116 1283 sic
1155 1223 1430 1302 amplexa
1475 1225 1780 1284 iuvencum
2083 1234 2184 1288 115

180 1310 505 1372 Infestante
543 1309 718 1388 lupo,
763 1325 934 1385 quum
977 1309 1217 1387 primum
1261 1308 1423 1369 foeta
1464 1317 1660 1371 tuetur

182 1393 374 1455 Mater
420 1403 480 1454 et
525 1392 760 1471 ancipiti
806 1392 1141 1453 circumfert
1190 1408 1408 1452 cornua
1447 1411 1626 1470 gyro;

183 1479 322 1559 Ipsa
364 1478 507 1540 nihil
550 1487 815 1537 metuens
855 1494 1149 1556 sexusque
1197 1476 1379 1541 oblita
1417 1479 1654 1538 minoris

186 1566 429 1643 Spumat
472 1571 531 1622 et
570 1564 839 1639 ingentes
882 1564 1130 1622 imitatur
1170 1560 1384 1622 femina
1428 1571 1648 1622 tauros.

316 1647 570 1709 Tandem
603 1647 929 1706 intermissa
973 1645 1317 1706 iaculantum
1356 1646 1508 1706 nube
1552 1655 1816 1725 potestas
2085 1657 2188 1711 120

183 1733 462 1794 Reddere
501 1732 619 1792 tela
659 1731 796 1799 fuit:
837 1748 1086 1810 namque
1132 1739 1192 1790 et
1233 1732 1542 1806 Sicyonius
1579 1730 1772 1791 Alcon

182 1818 445 1878 Venerat
482 1816 730 1892 auxilio,
776 1815 1099 1894 Pisaeaque
1138 1816 1441 1894 praepetis
1481 1815 1619 1875 Idae

185 1901 383 1963 Turba
427 1901 581 1961 subit
622 1916 979 1979 cuneumque
1023 1900 1284 1978 replent;
1337 1899 1425 1959 his
1469 1899 1654 1960 fretus
1695 1899 1753 1957 in
1793 1896 1995 1957 hostes

184 1987 505 2049 Lernaeam
548 1987 685 2047 iacit
722 1987 853 2064 ipse
900 1984 1159 2060 trabem,
1204 1984 1367 2045 volat
1411 1984 1510 2045 illa
1554 1983 1783 2060 sagittis

183 2072 395 2152 Aequa
435 2070 606 2150 fuga,
650 2070 1013 2149 mediumque
1053 2068 1193 2129 nihil
1237 2078 1503 2130 cunctata
1541 2068 1768 2128 Politen
2085 2077 2186 2130 125

189 2155 497 2218 Transabit
542 2165 600 2215 et
641 2156 818 2214 iuncti
861 2155 1112 2232 clipeum
1155 2163 1323 2214 cavat
1360 2152 1606 2233 inproba
1646 2151 1857 2231 Mopsi.

183 2242 421 2304 Phocea
464 2249 600 2300 tunc
644 2237 885 2316 Cydona
929 2238 1445 2318 Tanagraeumque
1487 2237 1819 2299 Phalantum

186 2326 385 2405 Atque
426 2324 710 2402 Erycem,
753 2323 909 2384 hunc
949 2324 1108 2384 retro
1152 2340 1501 2384 conversum
1543 2331 1602 2383 et
1638 2322 1757 2382 tela
1798 2330 2115 2401 petentem,

184 2411 338 2471 Dum
382 2428 521 2489 spes
563 2408 723 2469 nulla
765 2409 963 2485 necis,
1009 2409 1213 2468 crinito
1257 2426 1292 2468 a
1330 2409 1555 2469 vertice
1599 2407 1744 2484 figit.

183 2494 476 2556 Faucibus
520 2493 623 2555 ille
669 2495 836 2554 cavis
871 2493 1093 2554 hastam
1135 2509 1253 2552 non
1293 2510 1399 2553 ore
1440 2501 1740 2571 receptam
2086 2501 2192 2557 130

184 2578 427 2640 Miratur
467 2578 752 2654 moriens,
796 2578 1131 2658 pariterque
1177 2587 1238 2636 et
1278 2594 1566 2636 murmure
1608 2575 1820 2654 plenus

188 2663 439 2741 Sanguis
486 2671 544 2723 et
587 2662 818 2742 expulsi
863 2662 1141 2721 salierunt
1183 2661 1428 2740 cuspide
1469 2660 1695 2721 dentes.

186 2748 385 2809 Ausus
431 2756 557 2808 erat
599 2747 751 2807 furto
794 2747 1058 2807 dextram
1099 2745 1380 2806 iniectare
1420 2743 1713 2805 Leonteus

184 2833 350 2895 Pone
389 2833 550 2892 viros
597 2841 772 2910 atque
817 2848 972 2890 arma
1020 2831 1207 2891 latens
1252 2832 1619 2910 positumque
1668 2829 1935 2891 trahebat

183 2916 409 2978 Prenso
453 2918 612 2977 crine
662 2923 863 2995 caput3
906 2914 1079 2989 vidit,
1124 2932 1467 2992 quamquam
1502 2914 1754 2994 undique
1792 2914 2040 2976 crebrae
2085 2922 2188 2977 135

184 3001 595 3080 Hippomedon
638 3009 774 3060 ante
818 3016 921 3059 ora
962 3000 1186 3075 minae,
1232 3017 1531 3079 saevoque
1571 3009 1905 3078 protervam

182 3084 445 3146 Abstulit
475 3102 616 3146 ense
646 3102 902 3153 manum;
944 3083 1113 3144 simul
1143 3085 1438 3162 increpat:
1487 3084 1682 3144 ‘Hanc
1711 3083 1813 3146 tibi
1845 3082 2101 3160 Tydeus,

184 3169 424 3245 Tydeus
467 3170 600 3249 ipse
636 3170 816 3249 rapit;
858 3177 997 3248 post
1039 3177 1098 3228 et
1140 3168 1412 3229 confecta
1451 3169 1707 3229 virorum

181 3254 332 3316 Fata
368 3256 504 3314 time
547 3270 908 3332 magnosque
950 3254 1131 3313 miser
1172 3251 1312 3331 fuge
1351 3261 1595 3331 tangere
1632 3257 1879 3313 manes?

181 3338 305 3399 Ter
346 3336 636 3400 Cadmaea
680 3339 933 3417 phalanx
975 3347 1200 3397 torvum
1243 3337 1545 3398 abduxere
1588 3337 1859 3414 cadaver,
2088 3346 2193 3402 140

183 3423 304 3484 Ter
343 3422 646 3484 retrahunt
687 3422 902 3493 Danai3
947 3423 1128 3484 Siculi
1168 3422 1334 3483 velut
1376 3424 1545 3483 anxia
1581 3422 1795 3502 puppis
