<?xml version="1.0" encoding="UTF-8"?>
<!DOCTYPE html PUBLIC "-//W3C//DTD XHTML 1.0 Transitional//EN"
    "http://www.w3.org/TR/xhtml1/DTD/xhtml1-transitional.dtd">
<html xmlns="http://www.w3.org/1999/xhtml" xml:lang="en" lang="en">
 <head>
  <title>
</title>
<meta http-equiv="Content-Type" content="text/html;charset=utf-8" />
  <meta name='ocr-system' content='tesseract 3.04.00' />
  <meta name='ocr-capabilities' content='ocr_page ocr_carea ocr_par ocr_line ocrx_word'/>
</head>
<body>
  <div class='ocr_page' id='page_1' title='image "./ppapiniusstatiu00placgoog_0444.png"; bbox 0 0 2517 3909; ppageno 0'>
   <div class='ocr_carea' id='block_1_1' title="bbox 347 126 1620 193">
    <p class='ocr_par' dir='ltr' id='par_1_1' title="bbox 347 126 1620 193">
     <span class='ocr_line' id='line_1_1' title="bbox 347 126 1620 193; baseline 0.005 -7"><span class='ocrx_word' id='word_1_1' title='bbox 347 126 465 188; x_wconf 87' lang='grc'><strong>146</strong></span> <span class='ocrx_word' id='word_1_2' title='bbox 967 144 1029 191; x_wconf 83' lang='lat' dir='ltr'><strong>P.</strong></span> <span class='ocrx_word' id='word_1_3' title='bbox 1073 143 1342 193; x_wconf 82' lang='lat' dir='ltr'>PAPINII</span> <span class='ocrx_word' id='word_1_4' title='bbox 1387 143 1620 193; x_wconf 73' lang='lat' dir='ltr'><strong>s‘rA‘rn</strong></span> 
     </span>
    </p>
   </div>
   <div class='ocr_carea' id='block_1_2' title="bbox 341 296 2361 377">
    <p class='ocr_par' dir='ltr' id='par_1_2' title="bbox 341 296 2361 377">
     <span class='ocr_line' id='line_1_2' title="bbox 341 296 2361 377; baseline 0.005 -16"><span class='ocrx_word' id='word_1_5' title='bbox 341 300 652 361; x_wconf 83' lang='lat' dir='ltr'><strong>Promovet</strong></span> <span class='ocrx_word' id='word_1_6' title='bbox 694 315 840 358; x_wconf 90' lang='lat' dir='ltr'><strong>ecce</strong></span> <span class='ocrx_word' id='word_1_7' title='bbox 879 297 1100 375; x_wconf 75' lang='lat' dir='ltr'><strong>Dryas3</strong></span> <span class='ocrx_word' id='word_1_8' title='bbox 1147 299 1277 377; x_wconf 88' lang='lat' dir='ltr'><strong>hic,</strong></span> <span class='ocrx_word' id='word_1_9' title='bbox 1322 301 1413 360; x_wconf 90' lang='lat' dir='ltr'><strong>cni</strong></span> <span class='ocrx_word' id='word_1_10' title='bbox 1456 302 1626 363; x_wconf 85' lang='lat' dir='ltr'><strong>nivea</strong></span> <span class='ocrx_word' id='word_1_11' title='bbox 1668 320 1825 364; x_wconf 88' lang='lat' dir='ltr'><strong>arma</strong></span> <span class='ocrx_word' id='word_1_12' title='bbox 1866 303 2177 367; x_wconf 71' lang='lat' dir='ltr'><strong>tridentem</strong></span> <span class='ocrx_word' id='word_1_13' title='bbox 2243 296 2361 372; x_wconf 63' lang='lat'><strong>255</strong></span> 
     </span>
    </p>
   </div>
   <div class='ocr_carea' id='block_1_3' title="bbox 282 383 2060 3509">
    <p class='ocr_par' dir='ltr' id='par_1_3' title="bbox 282 383 2060 3509">
     <span class='ocr_line' id='line_1_3' title="bbox 340 383 1885 467; baseline 0.001 -20"><span class='ocrx_word' id='word_1_14' title='bbox 340 387 537 467; x_wconf 83' lang='lat' dir='ltr'><strong>Atque</strong></span> <span class='ocrx_word' id='word_1_15' title='bbox 583 401 722 444; x_wconf 89' lang='lat' dir='ltr'><strong>auro</strong></span> <span class='ocrx_word' id='word_1_16' title='bbox 764 384 909 444; x_wconf 88' lang='lat' dir='ltr'><strong>rude</strong></span> <span class='ocrx_word' id='word_1_17' title='bbox 949 384 1165 445; x_wconf 85' lang='lat' dir='ltr'><strong>fulmen</strong></span> <span class='ocrx_word' id='word_1_18' title='bbox 1212 383 1460 463; x_wconf 87' lang='lat' dir='ltr'><strong>habent,</strong></span> <span class='ocrx_word' id='word_1_19' title='bbox 1510 384 1740 448; x_wconf 80' lang='lat' dir='ltr'>Orionis</span> <span class='ocrx_word' id='word_1_20' title='bbox 1784 389 1885 448; x_wconf 90' lang='lat' dir='ltr'><strong>alti</strong></span> 
     </span>
     <span class='ocr_line' id='line_1_4' title="bbox 341 469 2060 552; baseline 0.002 -21"><span class='ocrx_word' id='word_1_21' title='bbox 341 470 474 531; x_wconf 90' lang='lat' dir='ltr'><strong>Non</strong></span> <span class='ocrx_word' id='word_1_22' title='bbox 514 471 697 532; x_wconf 81' lang='lat' dir='ltr'><strong>falsus</strong></span> <span class='ocrx_word' id='word_1_23' title='bbox 736 469 946 529; x_wconf 83' lang='lat' dir='ltr'><strong>virtute</strong></span> <span class='ocrx_word' id='word_1_24' title='bbox 991 487 1199 549; x_wconf 87' lang='lat' dir='ltr'><strong>nepos.</strong></span> <span class='ocrx_word' id='word_1_25' title='bbox 1287 469 1531 549; x_wconf 85' lang='lat' dir='ltr'><strong>Procul,</strong></span> <span class='ocrx_word' id='word_1_26' title='bbox 1575 489 1717 549; x_wconf 91' lang='lat' dir='ltr'><strong>oro,</strong></span> <span class='ocrx_word' id='word_1_27' title='bbox 1758 481 2060 552; x_wconf 82' lang='lat' dir='ltr'><strong>paternum</strong></span> 
     </span>
     <span class='ocr_line' id='line_1_5' title="bbox 346 553 1832 633; baseline 0 -17"><span class='ocrx_word' id='word_1_28' title='bbox 346 556 529 618; x_wconf 85' lang='lat' dir='ltr'><strong>Omen</strong></span> <span class='ocrx_word' id='word_1_29' title='bbox 572 565 631 616; x_wconf 87' lang='lat' dir='ltr'><strong>et</strong></span> <span class='ocrx_word' id='word_1_30' title='bbox 667 556 937 633; x_wconf 82' lang='lat' dir='ltr'><strong>innuptae</strong></span> <span class='ocrx_word' id='word_1_31' title='bbox 965 564 1150 615; x_wconf 83' lang='lat' dir='ltr'><strong>·vetus</strong></span> <span class='ocrx_word' id='word_1_32' title='bbox 1191 553 1424 616; x_wconf 80' lang='lat' dir='ltr'><strong>excidat</strong></span> <span class='ocrx_word' id='word_1_33' title='bbox 1462 556 1546 616; x_wconf 89' lang='lat' dir='ltr'><strong>ira</strong></span> <span class='ocrx_word' id='word_1_34' title='bbox 1589 556 1832 618; x_wconf 87' lang='lat' dir='ltr'><strong>Dianae.</strong></span> 
     </span>
     <span class='ocr_line' id='line_1_6' title="bbox 342 639 1939 722; baseline 0.001 -19"><span class='ocrx_word' id='word_1_35' title='bbox 342 643 589 719; x_wconf 83' lang='lat' dir='ltr'><strong>Iungunt</strong></span> <span class='ocrx_word' id='word_1_36' title='bbox 630 658 697 699; x_wconf 92' lang='lat' dir='ltr'><strong>se</strong></span> <span class='ocrx_word' id='word_1_37' title='bbox 742 639 948 699; x_wconf 89' lang='lat' dir='ltr'><strong>castris</strong></span> <span class='ocrx_word' id='word_1_38' title='bbox 985 641 1261 719; x_wconf 86' lang='lat' dir='ltr'><strong>regisque</strong></span> <span class='ocrx_word' id='word_1_39' title='bbox 1305 641 1363 699; x_wconf 91' lang='lat' dir='ltr'><strong>in</strong></span> <span class='ocrx_word' id='word_1_40' title='bbox 1406 657 1616 701; x_wconf 89' lang='lat' dir='ltr'><strong>nomen</strong></span> <span class='ocrx_word' id='word_1_41' title='bbox 1661 642 1939 722; x_wconf 89' lang='lat' dir='ltr'><strong>adoptant</strong></span> 
     </span>
     <span class='ocr_line' id='line_1_7' title="bbox 345 722 1782 801; baseline 0 -15"><span class='ocrx_word' id='word_1_42' title='bbox 345 726 604 786; x_wconf 90' lang='lat' dir='ltr'><strong>Ocaleae</strong></span> <span class='ocrx_word' id='word_1_43' title='bbox 645 722 1016 801; x_wconf 86' lang='lat' dir='ltr'><strong>Medeonque</strong></span> <span class='ocrx_word' id='word_1_44' title='bbox 1059 733 1119 784; x_wconf 84' lang='lat' dir='ltr'><strong>et</strong></span> <span class='ocrx_word' id='word_1_45' title='bbox 1163 724 1591 786; x_wconf 85' lang='lat' dir='ltr'><strong>confertissima</strong></span> <span class='ocrx_word' id='word_1_46' title='bbox 1634 725 1782 786; x_wconf 89' lang='lat' dir='ltr'><strong>lucis</strong></span> 
     </span>
     <span class='ocr_line' id='line_1_8' title="bbox 341 808 1875 888; baseline -0.001 -16"><span class='ocrx_word' id='word_1_47' title='bbox 341 809 504 887; x_wconf 75' lang='lat' dir='ltr'><strong>Nysa</strong></span> <span class='ocrx_word' id='word_1_48' title='bbox 541 809 938 888; x_wconf 83' lang='lat' dir='ltr'><strong>Dionaeisque</strong></span> <span class='ocrx_word' id='word_1_49' title='bbox 982 808 1186 869; x_wconf 85' lang='lat' dir='ltr'><strong>avibus</strong></span> <span class='ocrx_word' id='word_1_50' title='bbox 1232 810 1594 871; x_wconf 78' lang='lat' dir='ltr'><strong>circumsona</strong></span> <span class='ocrx_word' id='word_1_51' title='bbox 1637 809 1875 872; x_wconf 82' lang='lat' dir='ltr'><strong>Thisbe.</strong></span> 
     </span>
     <span class='ocr_line' id='line_1_9' title="bbox 341 893 1812 972; baseline -0.001 -16"><span class='ocrx_word' id='word_1_52' title='bbox 341 896 645 956; x_wconf 82' lang='lat' dir='ltr'><strong>Proximus</strong></span> <span class='ocrx_word' id='word_1_53' title='bbox 688 893 1092 970; x_wconf 78' lang='lat' dir='ltr'><strong>Eurymedon,</strong></span> <span class='ocrx_word' id='word_1_54' title='bbox 1136 895 1227 955; x_wconf 89' lang='lat' dir='ltr'><strong>cui</strong></span> <span class='ocrx_word' id='word_1_55' title='bbox 1272 894 1588 972; x_wconf 84' lang='lat' dir='ltr'><strong>pastoralia</strong></span> <span class='ocrx_word' id='word_1_56' title='bbox 1630 894 1812 956; x_wconf 88' lang='lat' dir='ltr'><strong>Fauni</strong></span> 
     </span>
     <span class='ocr_line' id='line_1_10' title="bbox 344 978 1901 1058; baseline 0.002 -19"><span class='ocrx_word' id='word_1_57' title='bbox 344 981 521 1041; x_wconf 87' lang='lat' dir='ltr'><strong>Arma</strong></span> <span class='ocrx_word' id='word_1_58' title='bbox 560 980 767 1058; x_wconf 80' lang='lat' dir='ltr'><strong>patris,</strong></span> <span class='ocrx_word' id='word_1_59' title='bbox 810 979 1097 1058; x_wconf 85' lang='lat' dir='ltr'><strong>pinusque</strong></span> <span class='ocrx_word' id='word_1_60' title='bbox 1128 978 1295 1039; x_wconf 90' lang='lat' dir='ltr'><strong>iubas</strong></span> <span class='ocrx_word' id='word_1_61' title='bbox 1336 980 1587 1040; x_wconf 85' lang='lat' dir='ltr'><strong>imitatur</strong></span> <span class='ocrx_word' id='word_1_62' title='bbox 1626 981 1901 1058; x_wconf 76' lang='lat' dir='ltr'><strong>equinae,</strong></span> 
     </span>
     <span class='ocr_line' id='line_1_11' title="bbox 347 1062 1755 1132; baseline 0 -7"><span class='ocrx_word' id='word_1_63' title='bbox 347 1064 650 1125; x_wconf 85' lang='lat' dir='ltr'><strong>Terribilis</strong></span> <span class='ocrx_word' id='word_1_64' title='bbox 692 1064 883 1132; x_wconf 79' lang='lat' dir='ltr'><strong>silvis;</strong></span> <span class='ocrx_word' id='word_1_65' title='bbox 928 1081 1067 1123; x_wconf 89' lang='lat' dir='ltr'><strong>reor</strong></span> <span class='ocrx_word' id='word_1_66' title='bbox 1107 1072 1166 1123; x_wconf 89' lang='lat' dir='ltr'><strong>et</strong></span> <span class='ocrx_word' id='word_1_67' title='bbox 1204 1062 1470 1124; x_wconf 76' lang='lat' dir='ltr'><strong>Mavorte</strong></span> <span class='ocrx_word' id='word_1_68' title='bbox 1516 1074 1755 1125; x_wconf 90' lang='lat' dir='ltr'><strong>cruento</strong></span> 
     </span>
     <span class='ocr_line' id='line_1_12' title="bbox 345 1146 1990 1230; baseline 0.002 -20"><span class='ocrx_word' id='word_1_69' title='bbox 345 1149 505 1211; x_wconf 85' lang='lat' dir='ltr'><strong>Talis</strong></span> <span class='ocrx_word' id='word_1_70' title='bbox 549 1150 676 1208; x_wconf 91' lang='lat' dir='ltr'><strong>erit.</strong></span> <span class='ocrx_word' id='word_1_71' title='bbox 763 1146 932 1208; x_wconf 87' lang='lat' dir='ltr'><strong>Dites</strong></span> <span class='ocrx_word' id='word_1_72' title='bbox 975 1164 1254 1227; x_wconf 88' lang='lat' dir='ltr'><strong>pecorum</strong></span> <span class='ocrx_word' id='word_1_73' title='bbox 1293 1149 1633 1209; x_wconf 87' lang='lat' dir='ltr'><strong>comitantur</strong></span> <span class='ocrx_word' id='word_1_74' title='bbox 1669 1148 1990 1230; x_wconf 76' lang='lat' dir='ltr'><strong>Erythrae,</strong></span> 
     </span>
     <span class='ocr_line' id='line_1_13' title="bbox 346 1232 1948 1315; baseline 0.001 -21"><span class='ocrx_word' id='word_1_75' title='bbox 346 1234 459 1309; x_wconf 84' lang='lat' dir='ltr'><strong>Qui</strong></span> <span class='ocrx_word' id='word_1_76' title='bbox 504 1234 724 1294; x_wconf 89' lang='lat' dir='ltr'><strong>Scolon</strong></span> <span class='ocrx_word' id='word_1_77' title='bbox 766 1233 1119 1311; x_wconf 86' lang='lat' dir='ltr'><strong>densamque</strong></span> <span class='ocrx_word' id='word_1_78' title='bbox 1162 1233 1314 1310; x_wconf 86' lang='lat' dir='ltr'><strong>iugis</strong></span> <span class='ocrx_word' id='word_1_79' title='bbox 1357 1232 1667 1294; x_wconf 88' lang='lat' dir='ltr'><strong>Etbeonon</strong></span> <span class='ocrx_word' id='word_1_80' title='bbox 1708 1235 1948 1315; x_wconf 85' lang='lat' dir='ltr'><strong>iniquis,</strong></span> 
     </span>
     <span class='ocr_line' id='line_1_14' title="bbox 346 1317 1922 1398; baseline 0.001 -20"><span class='ocrx_word' id='word_1_81' title='bbox 346 1319 458 1394; x_wconf 84' lang='lat' dir='ltr'><strong>Qui</strong></span> <span class='ocrx_word' id='word_1_82' title='bbox 497 1319 681 1378; x_wconf 88' lang='lat' dir='ltr'><strong>breve</strong></span> <span class='ocrx_word' id='word_1_83' title='bbox 719 1317 853 1377; x_wconf 88' lang='lat' dir='ltr'><strong>litus</strong></span> <span class='ocrx_word' id='word_1_84' title='bbox 896 1317 1076 1393; x_wconf 75' lang='lat' dir='ltr'><strong>Hyles</strong></span> <span class='ocrx_word' id='word_1_85' title='bbox 1118 1317 1637 1397; x_wconf 78' lang='lat' dir='ltr'><strong>Atalantaeamque</strong></span> <span class='ocrx_word' id='word_1_86' title='bbox 1685 1320 1922 1398; x_wconf 79' lang='lat' dir='ltr'><strong>superbi</strong></span> 
     </span>
     <span class='ocr_line' id='line_1_15' title="bbox 282 1401 1963 1485; baseline -0.001 -19"><span class='ocrx_word' id='word_1_87' title='bbox 282 1461 286 1466; x_wconf 82' lang='lat'><strong>.</strong></span> <span class='ocrx_word' id='word_1_88' title='bbox 345 1402 661 1464; x_wconf 91' lang='lat' dir='ltr'><strong>Schoenon</strong></span> <span class='ocrx_word' id='word_1_89' title='bbox 701 1401 915 1462; x_wconf 91' lang='lat' dir='ltr'><strong>habent</strong></span> <span class='ocrx_word' id='word_1_90' title='bbox 948 1403 1185 1482; x_wconf 86' lang='lat' dir='ltr'><strong>notique</strong></span> <span class='ocrx_word' id='word_1_91' title='bbox 1225 1401 1424 1462; x_wconf 89' lang='lat' dir='ltr'><strong>colunt</strong></span> <span class='ocrx_word' id='word_1_92' title='bbox 1465 1404 1714 1481; x_wconf 86' lang='lat' dir='ltr'><strong>vestigia</strong></span> <span class='ocrx_word' id='word_1_93' title='bbox 1755 1407 1963 1485; x_wconf 86' lang='lat' dir='ltr'><strong>campi.</strong></span> 
     </span>
     <span class='ocr_line' id='line_1_16' title="bbox 343 1486 1879 1551; baseline 0.001 -3"><span class='ocrx_word' id='word_1_94' title='bbox 343 1488 663 1548; x_wconf 86' lang='lat' dir='ltr'><strong>Fraxiueas</strong></span> <span class='ocrx_word' id='word_1_95' title='bbox 708 1486 938 1547; x_wconf 82' lang='lat' dir='ltr'><strong>vibrant</strong></span> <span class='ocrx_word' id='word_1_96' title='bbox 977 1486 1266 1547; x_wconf 86' lang='lat' dir='ltr'><strong>Macetum</strong></span> <span class='ocrx_word' id='word_1_97' title='bbox 1309 1487 1382 1547; x_wconf 94' lang='lat' dir='ltr'><strong>de</strong></span> <span class='ocrx_word' id='word_1_98' title='bbox 1426 1504 1587 1547; x_wconf 90' lang='lat' dir='ltr'><strong>more</strong></span> <span class='ocrx_word' id='word_1_99' title='bbox 1634 1490 1879 1551; x_wconf 87' lang='lat' dir='ltr'><strong>sarissas</strong></span> 
     </span>
     <span class='ocr_line' id='line_1_17' title="bbox 345 1570 1860 1652; baseline -0.001 -19"><span class='ocrx_word' id='word_1_100' title='bbox 345 1574 653 1651; x_wconf 86' lang='lat' dir='ltr'><strong>Saevaque</strong></span> <span class='ocrx_word' id='word_1_101' title='bbox 697 1570 966 1631; x_wconf 86' lang='lat' dir='ltr'><strong>difficiles</strong></span> <span class='ocrx_word' id='word_1_102' title='bbox 1010 1570 1328 1632; x_wconf 86' lang='lat' dir='ltr'><strong>excludere</strong></span> <span class='ocrx_word' id='word_1_103' title='bbox 1366 1571 1608 1634; x_wconf 87' lang='lat' dir='ltr'><strong>vulnera</strong></span> <span class='ocrx_word' id='word_1_104' title='bbox 1650 1574 1860 1652; x_wconf 86' lang='lat' dir='ltr'><strong>peltas.</strong></span> 
     </span>
     <span class='ocr_line' id='line_1_18' title="bbox 343 1655 1836 1736; baseline 0 -19"><span class='ocrx_word' id='word_1_105' title='bbox 343 1656 507 1717; x_wconf 86' lang='lat' dir='ltr'><strong>Ecce</strong></span> <span class='ocrx_word' id='word_1_106' title='bbox 552 1665 742 1716; x_wconf 90' lang='lat' dir='ltr'><strong>autem</strong></span> <span class='ocrx_word' id='word_1_107' title='bbox 787 1655 1043 1716; x_wconf 89' lang='lat' dir='ltr'><strong>clamore</strong></span> <span class='ocrx_word' id='word_1_108' title='bbox 1083 1664 1250 1716; x_wconf 88' lang='lat' dir='ltr'><strong>ruunt</strong></span> <span class='ocrx_word' id='word_1_109' title='bbox 1293 1655 1581 1736; x_wconf 86' lang='lat' dir='ltr'><strong>Neptunia</strong></span> <span class='ocrx_word' id='word_1_110' title='bbox 1627 1655 1836 1736; x_wconf 87' lang='lat' dir='ltr'><strong>plebes</strong></span> 
     </span>
     <span class='ocr_line' id='line_1_19' title="bbox 347 1739 1889 1821; baseline 0.001 -20"><span class='ocrx_word' id='word_1_111' title='bbox 347 1740 659 1818; x_wconf 85' lang='lat' dir='ltr'><strong>Onchesti,</strong></span> <span class='ocrx_word' id='word_1_112' title='bbox 712 1757 860 1819; x_wconf 90' lang='lat' dir='ltr'><strong>quos</strong></span> <span class='ocrx_word' id='word_1_113' title='bbox 898 1742 1178 1821; x_wconf 86' lang='lat' dir='ltr'><strong>pinigeris</strong></span> <span class='ocrx_word' id='word_1_114' title='bbox 1221 1739 1590 1817; x_wconf 75' lang='lat' dir='ltr'><strong>Mycalessos</strong></span> <span class='ocrx_word' id='word_1_115' title='bbox 1632 1742 1690 1801; x_wconf 93' lang='lat' dir='ltr'><strong>in</strong></span> <span class='ocrx_word' id='word_1_116' title='bbox 1731 1743 1889 1819; x_wconf 90' lang='lat' dir='ltr'><strong>agris</strong></span> 
     </span>
     <span class='ocr_line' id='line_1_20' title="bbox 344 1823 1963 1904; baseline -0.001 -17"><span class='ocrx_word' id='word_1_117' title='bbox 344 1826 756 1904; x_wconf 87' lang='lat' dir='ltr'><strong>Palladiusque</strong></span> <span class='ocrx_word' id='word_1_118' title='bbox 797 1823 1013 1903; x_wconf 75' lang='lat' dir='ltr'><strong>Melae,</strong></span> <span class='ocrx_word' id='word_1_119' title='bbox 1058 1825 1472 1904; x_wconf 86' lang='lat' dir='ltr'><strong>Hecataeaque</strong></span> <span class='ocrx_word' id='word_1_120' title='bbox 1518 1827 1746 1904; x_wconf 85' lang='lat' dir='ltr'><strong>gurgite</strong></span> <span class='ocrx_word' id='word_1_121' title='bbox 1789 1828 1963 1887; x_wconf 89' lang='lat' dir='ltr'><strong>nutrit</strong></span> 
     </span>
     <span class='ocr_line' id='line_1_21' title="bbox 346 1909 1911 1990; baseline -0.001 -18"><span class='ocrx_word' id='word_1_122' title='bbox 346 1909 728 1990; x_wconf 75' lang='lat' dir='ltr'><strong>Gargaphye,</strong></span> <span class='ocrx_word' id='word_1_123' title='bbox 775 1928 1130 1989; x_wconf 86' lang='lat' dir='ltr'><strong>quorumque</strong></span> <span class='ocrx_word' id='word_1_124' title='bbox 1174 1911 1343 1969; x_wconf 87' lang='lat' dir='ltr'><strong>novis</strong></span> <span class='ocrx_word' id='word_1_125' title='bbox 1385 1909 1674 1971; x_wconf 87' lang='lat' dir='ltr'><strong>Haliartos</strong></span> <span class='ocrx_word' id='word_1_126' title='bbox 1719 1912 1911 1971; x_wconf 90' lang='lat' dir='ltr'><strong>aristis</strong></span> 
     </span>
     <span class='ocr_line' id='line_1_22' title="bbox 341 1994 1858 2073; baseline -0.001 -18"><span class='ocrx_word' id='word_1_127' title='bbox 341 1995 572 2056; x_wconf 88' lang='lat' dir='ltr'><strong>Invidet</strong></span> <span class='ocrx_word' id='word_1_128' title='bbox 614 2005 670 2055; x_wconf 91' lang='lat' dir='ltr'><strong>et</strong></span> <span class='ocrx_word' id='word_1_129' title='bbox 711 1995 880 2056; x_wconf 89' lang='lat' dir='ltr'><strong>nimia</strong></span> <span class='ocrx_word' id='word_1_130' title='bbox 917 2004 1040 2056; x_wconf 88' lang='lat' dir='ltr'><strong>sata</strong></span> <span class='ocrx_word' id='word_1_131' title='bbox 1081 1995 1236 2056; x_wconf 90' lang='lat' dir='ltr'><strong>laeta</strong></span> <span class='ocrx_word' id='word_1_132' title='bbox 1281 1996 1617 2073; x_wconf 89' lang='lat' dir='ltr'><strong>supervenit</strong></span> <span class='ocrx_word' id='word_1_133' title='bbox 1654 1994 1858 2056; x_wconf 89' lang='lat' dir='ltr'><strong>herba.</strong></span> 
     </span>
     <span class='ocr_line' id='line_1_23' title="bbox 346 2079 1898 2157; baseline -0.001 -17"><span class='ocrx_word' id='word_1_134' title='bbox 346 2079 489 2141; x_wconf 89' lang='lat' dir='ltr'><strong>Tela</strong></span> <span class='ocrx_word' id='word_1_135' title='bbox 533 2079 708 2140; x_wconf 90' lang='lat' dir='ltr'><strong>rudes</strong></span> <span class='ocrx_word' id='word_1_136' title='bbox 752 2082 971 2155; x_wconf 88' lang='lat' dir='ltr'><strong>trunci,</strong></span> <span class='ocrx_word' id='word_1_137' title='bbox 1015 2080 1225 2157; x_wconf 89' lang='lat' dir='ltr'><strong>galeae</strong></span> <span class='ocrx_word' id='word_1_138' title='bbox 1262 2097 1446 2140; x_wconf 85' lang='lat' dir='ltr'><strong>vacua</strong></span> <span class='ocrx_word' id='word_1_139' title='bbox 1491 2096 1594 2140; x_wconf 91' lang='lat' dir='ltr'><strong>ora</strong></span> <span class='ocrx_word' id='word_1_140' title='bbox 1633 2080 1898 2156; x_wconf 90' lang='lat' dir='ltr'><strong>leonum,</strong></span> 
     </span>
     <span class='ocr_line' id='line_1_24' title="bbox 346 2162 1887 2242; baseline -0.001 -17"><span class='ocrx_word' id='word_1_141' title='bbox 346 2165 601 2225; x_wconf 88' lang='lat' dir='ltr'><strong>Arborei</strong></span> <span class='ocrx_word' id='word_1_142' title='bbox 645 2164 779 2224; x_wconf 89' lang='lat' dir='ltr'><strong>dant</strong></span> <span class='ocrx_word' id='word_1_143' title='bbox 824 2173 986 2225; x_wconf 90' lang='lat' dir='ltr'><strong>scuta</strong></span> <span class='ocrx_word' id='word_1_144' title='bbox 1027 2165 1203 2223; x_wconf 90' lang='lat' dir='ltr'><strong>sinus.</strong></span> <span class='ocrx_word' id='word_1_145' title='bbox 1291 2162 1414 2223; x_wconf 91' lang='lat' dir='ltr'><strong>Hos</strong></span> <span class='ocrx_word' id='word_1_146' title='bbox 1453 2165 1612 2242; x_wconf 87' lang='lat' dir='ltr'><strong>regis</strong></span> <span class='ocrx_word' id='word_1_147' title='bbox 1663 2181 1887 2241; x_wconf 88' lang='lat' dir='ltr'><strong>egenos</strong></span> 
     </span>
     <span class='ocr_line' id='line_1_25' title="bbox 347 2249 2041 2329; baseline -0.001 -20"><span class='ocrx_word' id='word_1_148' title='bbox 347 2249 635 2328; x_wconf 88' lang='lat' dir='ltr'><strong>Amphion</strong></span> <span class='ocrx_word' id='word_1_149' title='bbox 680 2267 752 2308; x_wconf 92' lang='lat' dir='ltr'><strong>en</strong></span> <span class='ocrx_word' id='word_1_150' title='bbox 790 2257 990 2308; x_wconf 89' lang='lat' dir='ltr'><strong>noster</strong></span> <span class='ocrx_word' id='word_1_151' title='bbox 1032 2249 1184 2326; x_wconf 86' lang='lat' dir='ltr'><strong>agit,</strong></span> <span class='ocrx_word' id='word_1_152' title='bbox 1225 2283 1313 2297; x_wconf 86' lang='lat'><strong>·--</strong></span> <span class='ocrx_word' id='word_1_153' title='bbox 1356 2264 1723 2326; x_wconf 87' lang='lat' dir='ltr'><strong>cognoscere</strong></span> <span class='ocrx_word' id='word_1_154' title='bbox 1766 2265 2041 2329; x_wconf 88' lang='lat' dir='ltr'><strong>pronum,</strong></span> 
     </span>
     <span class='ocr_line' id='line_1_26' title="bbox 343 2333 1995 2412; baseline 0 -20"><span class='ocrx_word' id='word_1_155' title='bbox 343 2334 561 2411; x_wconf 90' lang='lat' dir='ltr'><strong>Virgo,</strong></span> <span class='ocrx_word' id='word_1_156' title='bbox 610 2334 823 2409; x_wconf 77' lang='lat' dir='ltr'><strong>lyram,</strong></span> <span class='ocrx_word' id='word_1_157' title='bbox 866 2365 950 2381; x_wconf 86' lang='lat'><strong>—-·</strong></span> <span class='ocrx_word' id='word_1_158' title='bbox 997 2333 1171 2410; x_wconf 86' lang='lat' dir='ltr'><strong>galea</strong></span> <span class='ocrx_word' id='word_1_159' title='bbox 1211 2342 1498 2412; x_wconf 88' lang='lat' dir='ltr'><strong>tauroque</strong></span> <span class='ocrx_word' id='word_1_160' title='bbox 1538 2333 1780 2411; x_wconf 85' lang='lat' dir='ltr'><strong>insignis</strong></span> <span class='ocrx_word' id='word_1_161' title='bbox 1819 2334 1995 2394; x_wconf 83' lang='lat' dir='ltr'><strong>avito.</strong></span> 
     </span>
     <span class='ocr_line' id='line_1_27' title="bbox 343 2417 2043 2497; baseline -0.001 -19"><span class='ocrx_word' id='word_1_162' title='bbox 343 2417 536 2478; x_wconf 86' lang='lat' dir='ltr'><strong>Macte</strong></span> <span class='ocrx_word' id='word_1_163' title='bbox 582 2420 767 2477; x_wconf 88' lang='lat' dir='ltr'><strong>animo</strong></span> <span class='ocrx_word' id='word_1_164' title='bbox 806 2417 1059 2493; x_wconf 82' lang='lat' dir='ltr'><strong>iuvenis,</strong></span> <span class='ocrx_word' id='word_1_165' title='bbox 1104 2417 1329 2481; x_wconf 83' lang='lat' dir='ltr'><strong>medios</strong></span> <span class='ocrx_word' id='word_1_166' title='bbox 1375 2426 1542 2495; x_wconf 89' lang='lat' dir='ltr'><strong>parat</strong></span> <span class='ocrx_word' id='word_1_167' title='bbox 1580 2419 1669 2478; x_wconf 88' lang='lat' dir='ltr'><strong>ire</strong></span> <span class='ocrx_word' id='word_1_168' title='bbox 1715 2436 1824 2497; x_wconf 89' lang='lat' dir='ltr'><strong>per</strong></span> <span class='ocrx_word' id='word_1_169' title='bbox 1866 2435 2043 2478; x_wconf 85' lang='lat' dir='ltr'><strong>enses</strong></span> 
     </span>
     <span class='ocr_line' id='line_1_28' title="bbox 342 2501 1843 2601; baseline -0.001 -39"><span class='ocrx_word' id='word_1_170' title='bbox 342 2501 626 2601; x_wconf 88' lang='lat' dir='ltr'><strong>Nudaque</strong></span> <span class='ocrx_word' id='word_1_171' title='bbox 669 2519 776 2581; x_wconf 91' lang='lat' dir='ltr'><strong>pro</strong></span> <span class='ocrx_word' id='word_1_172' title='bbox 820 2504 970 2563; x_wconf 87' lang='lat' dir='ltr'><strong>caris</strong></span> <span class='ocrx_word' id='word_1_173' title='bbox 1015 2518 1318 2581; x_wconf 90' lang='lat' dir='ltr'><strong>opponere</strong></span> <span class='ocrx_word' id='word_1_174' title='bbox 1362 2510 1606 2580; x_wconf 75' lang='lat' dir='ltr'><strong>pectora</strong></span> <span class='ocrx_word' id='word_1_175' title='bbox 1647 2504 1843 2562; x_wconf 74' lang='lat' dir='ltr'><strong>muris.</strong></span> 
     </span>
     <span class='ocr_line' id='line_1_29' title="bbox 342 2586 1818 2664; baseline 0 -17"><span class='ocrx_word' id='word_1_176' title='bbox 342 2587 470 2647; x_wconf 88' lang='lat' dir='ltr'><strong>Vos</strong></span> <span class='ocrx_word' id='word_1_177' title='bbox 515 2587 685 2647; x_wconf 91' lang='lat' dir='ltr'><strong>etiam</strong></span> <span class='ocrx_word' id='word_1_178' title='bbox 728 2589 974 2662; x_wconf 88' lang='lat' dir='ltr'><strong>nostris,</strong></span> <span class='ocrx_word' id='word_1_179' title='bbox 1019 2586 1323 2647; x_wconf 89' lang='lat' dir='ltr'><strong>Heliconia</strong></span> <span class='ocrx_word' id='word_1_180' title='bbox 1363 2586 1563 2664; x_wconf 89' lang='lat' dir='ltr'><strong>turba,</strong></span> <span class='ocrx_word' id='word_1_181' title='bbox 1606 2588 1818 2647; x_wconf 83' lang='lat' dir='ltr'><strong>venitis</strong></span> 
     </span>
     <span class='ocr_line' id='line_1_30' title="bbox 347 2669 2042 2778; baseline 0.001 -49"><span class='ocrx_word' id='word_1_182' title='bbox 347 2669 583 2731; x_wconf 88' lang='lat' dir='ltr'><strong>Addere</strong></span> <span class='ocrx_word' id='word_1_183' title='bbox 617 2671 796 2731; x_wconf 90' lang='lat' dir='ltr'><strong>rebus</strong></span> <span class='ocrx_word' id='word_1_184' title='bbox 839 2689 1040 2751; x_wconf 79' lang='lat' dir='ltr'><strong>opem3</strong></span> <span class='ocrx_word' id='word_1_185' title='bbox 1079 2681 1292 2750; x_wconf 90' lang='lat' dir='ltr'><strong>tuque,</strong></span> <span class='ocrx_word' id='word_1_186' title='bbox 1342 2686 1378 2730; x_wconf 94' lang='lat' dir='ltr'><strong>o</strong></span> <span class='ocrx_word' id='word_1_187' title='bbox 1422 2669 1764 2745; x_wconf 86' lang='lat' dir='ltr'><strong>Permesse,</strong></span> <span class='ocrx_word' id='word_1_188' title='bbox 1811 2671 2042 2778; x_wconf 79' lang='lat' dir='ltr'><strong>canoris</strong></span> 
     </span>
     <span class='ocr_line' id='line_1_31' title="bbox 344 2754 1759 2833; baseline 0.001 -18"><span class='ocrx_word' id='word_1_189' title='bbox 344 2755 420 2815; x_wconf 90' lang='lat' dir='ltr'><strong>Et</strong></span> <span class='ocrx_word' id='word_1_190' title='bbox 460 2755 605 2816; x_wconf 86' lang='lat' dir='ltr'><strong>felix</strong></span> <span class='ocrx_word' id='word_1_191' title='bbox 643 2754 861 2833; x_wconf 89' lang='lat' dir='ltr'><strong>Olmie,</strong></span> <span class='ocrx_word' id='word_1_192' title='bbox 902 2756 1065 2817; x_wconf 88' lang='lat' dir='ltr'><strong>vadis</strong></span> <span class='ocrx_word' id='word_1_193' title='bbox 1110 2756 1342 2817; x_wconf 88' lang='lat' dir='ltr'><strong>armatis</strong></span> <span class='ocrx_word' id='word_1_194' title='bbox 1388 2755 1652 2817; x_wconf 89' lang='lat' dir='ltr'><strong>alumnos</strong></span> <span class='ocrx_word' id='word_1_195' title='bbox 1754 2773 1759 2780; x_wconf 89' lang='lat'><strong>·</strong></span> 
     </span>
     <span class='ocr_line' id='line_1_32' title="bbox 344 2839 1850 2901; baseline -0.001 -1"><span class='ocrx_word' id='word_1_196' title='bbox 344 2839 639 2900; x_wconf 91' lang='lat' dir='ltr'><strong>Bellorum</strong></span> <span class='ocrx_word' id='word_1_197' title='bbox 677 2839 922 2901; x_wconf 86' lang='lat' dir='ltr'><strong>resides.</strong></span> <span class='ocrx_word' id='word_1_198' title='bbox 1009 2839 1216 2900; x_wconf 89' lang='lat' dir='ltr'><strong>Patriis</strong></span> <span class='ocrx_word' id='word_1_199' title='bbox 1264 2839 1640 2900; x_wconf 81' lang='lat' dir='ltr'><strong>concentibus</strong></span> <span class='ocrx_word' id='word_1_200' title='bbox 1684 2839 1850 2901; x_wconf 85' lang='lat' dir='ltr'><strong>audis</strong></span> 
     </span>
     <span class='ocr_line' id='line_1_33' title="bbox 345 2923 1894 3005; baseline -0.001 -20"><span class='ocrx_word' id='word_1_201' title='bbox 345 2923 624 2986; x_wconf 87' lang='lat' dir='ltr'><strong>Exultare</strong></span> <span class='ocrx_word' id='word_1_202' title='bbox 669 2942 940 3002; x_wconf 86' lang='lat' dir='ltr'><strong>gregem,</strong></span> <span class='ocrx_word' id='word_1_203' title='bbox 987 2924 1225 3004; x_wconf 88' lang='lat' dir='ltr'><strong>quales,</strong></span> <span class='ocrx_word' id='word_1_204' title='bbox 1267 2943 1439 3004; x_wconf 87' lang='lat' dir='ltr'><strong>quum</strong></span> <span class='ocrx_word' id='word_1_205' title='bbox 1478 2924 1694 3005; x_wconf 87' lang='lat' dir='ltr'><strong>pallida</strong></span> <span class='ocrx_word' id='word_1_206' title='bbox 1738 2923 1894 2985; x_wconf 88' lang='lat' dir='ltr'><strong>cedit</strong></span> 
     </span>
     <span class='ocr_line' id='line_1_34' title="bbox 344 3009 1919 3087; baseline -0.002 -17"><span class='ocrx_word' id='word_1_207' title='bbox 344 3009 584 3079; x_wconf 86' lang='lat' dir='ltr'><strong>Bruma,</strong></span> <span class='ocrx_word' id='word_1_208' title='bbox 637 3009 998 3069; x_wconf 88' lang='lat' dir='ltr'><strong>renidentem</strong></span> <span class='ocrx_word' id='word_1_209' title='bbox 1043 3010 1336 3070; x_wconf 90' lang='lat' dir='ltr'><strong>deducunt</strong></span> <span class='ocrx_word' id='word_1_210' title='bbox 1379 3009 1683 3086; x_wconf 74' lang='lat' dir='ltr'><strong>Strymona</strong></span> <span class='ocrx_word' id='word_1_211' title='bbox 1728 3010 1919 3087; x_wconf 75' lang='lat' dir='ltr'><strong>cygni.</strong></span> 
     </span>
     <span class='ocr_line' id='line_1_35' title="bbox 343 3092 1996 3172; baseline -0.001 -20"><span class='ocrx_word' id='word_1_212' title='bbox 343 3092 430 3153; x_wconf 90' lang='lat' dir='ltr'><strong>lte</strong></span> <span class='ocrx_word' id='word_1_213' title='bbox 475 3094 739 3170; x_wconf 86' lang='lat' dir='ltr'><strong>alacres,</strong></span> <span class='ocrx_word' id='word_1_214' title='bbox 785 3111 1087 3172; x_wconf 90' lang='lat' dir='ltr'><strong>numquam</strong></span> <span class='ocrx_word' id='word_1_215' title='bbox 1123 3096 1306 3154; x_wconf 86' lang='lat' dir='ltr'><strong>vestri</strong></span> <span class='ocrx_word' id='word_1_216' title='bbox 1345 3096 1662 3155; x_wconf 89' lang='lat' dir='ltr'><strong>morientur</strong></span> <span class='ocrx_word' id='word_1_217' title='bbox 1699 3093 1996 3169; x_wconf 84' lang='lat' dir='ltr'><strong>honores,</strong></span> 
     </span>
     <span class='ocr_line' id='line_1_36' title="bbox 343 3176 1989 3257; baseline 0 -21"><span class='ocrx_word' id='word_1_218' title='bbox 343 3176 628 3257; x_wconf 91' lang='lat' dir='ltr'><strong>Bellaque</strong></span> <span class='ocrx_word' id='word_1_219' title='bbox 671 3186 960 3257; x_wconf 90' lang='lat' dir='ltr'><strong>perpetuo</strong></span> <span class='ocrx_word' id='word_1_220' title='bbox 1000 3178 1397 3238; x_wconf 89' lang='lat' dir='ltr'><strong>memorabunt</strong></span> <span class='ocrx_word' id='word_1_221' title='bbox 1443 3180 1693 3239; x_wconf 88' lang='lat' dir='ltr'><strong>carmine</strong></span> <span class='ocrx_word' id='word_1_222' title='bbox 1738 3176 1989 3239; x_wconf 52' lang='lat' dir='ltr'><strong>Musae?</strong></span> 
     </span>
     <span class='ocr_line' id='line_1_37' title="bbox 472 3261 1964 3340; baseline 0 -19"><span class='ocrx_word' id='word_1_223' title='bbox 472 3261 748 3339; x_wconf 88' lang='lat' dir='ltr'><strong>Dixerat,</strong></span> <span class='ocrx_word' id='word_1_224' title='bbox 799 3270 857 3321; x_wconf 92' lang='lat' dir='ltr'><strong>et</strong></span> <span class='ocrx_word' id='word_1_225' title='bbox 899 3262 1130 3340; x_wconf 90' lang='lat' dir='ltr'><strong>paulum</strong></span> <span class='ocrx_word' id='word_1_226' title='bbox 1176 3265 1345 3339; x_wconf 85' lang='lat' dir='ltr'><strong>virgo</strong></span> <span class='ocrx_word' id='word_1_227' title='bbox 1388 3264 1654 3324; x_wconf 81' lang='lat' dir='ltr'><strong>interfata</strong></span> <span class='ocrx_word' id='word_1_228' title='bbox 1700 3262 1964 3322; x_wconf 79' lang='lat' dir='ltr'><strong>docenti:</strong></span> 
     </span>
     <span class='ocr_line' id='line_1_38' title="bbox 347 3343 1961 3425; baseline 0.001 -21"><span class='ocrx_word' id='word_1_229' title='bbox 347 3344 474 3405; x_wconf 72' lang='lat' dir='ltr'><strong>eIlli</strong></span> <span class='ocrx_word' id='word_1_230' title='bbox 518 3354 745 3421; x_wconf 88' lang='lat' dir='ltr'><strong>autem,</strong></span> <span class='ocrx_word' id='word_1_231' title='bbox 792 3364 1034 3425; x_wconf 89' lang='lat' dir='ltr'><strong>quanam</strong></span> <span class='ocrx_word' id='word_1_232' title='bbox 1082 3347 1392 3423; x_wconf 87' lang='lat' dir='ltr'><strong>iunguntur</strong></span> <span class='ocrx_word' id='word_1_233' title='bbox 1433 3349 1658 3425; x_wconf 89' lang='lat' dir='ltr'><strong>origine</strong></span> <span class='ocrx_word' id='word_1_234' title='bbox 1703 3343 1961 3407; x_wconf 79' lang='lat' dir='ltr'><strong>fratres?</strong></span> 
     </span>
     <span class='ocr_line' id='line_1_39' title="bbox 346 3430 1876 3509; baseline 0.001 -21"><span class='ocrx_word' id='word_1_235' title='bbox 346 3430 445 3489; x_wconf 90' lang='lat' dir='ltr'><strong>Sic</strong></span> <span class='ocrx_word' id='word_1_236' title='bbox 490 3438 651 3489; x_wconf 87' lang='lat' dir='ltr'><strong>certe</strong></span> <span class='ocrx_word' id='word_1_237' title='bbox 696 3432 859 3509; x_wconf 89' lang='lat' dir='ltr'><strong>paria</strong></span> <span class='ocrx_word' id='word_1_238' title='bbox 902 3448 1058 3491; x_wconf 88' lang='lat' dir='ltr'><strong>arma</strong></span> <span class='ocrx_word' id='word_1_239' title='bbox 1098 3432 1270 3508; x_wconf 90' lang='lat' dir='ltr'><strong>viris,</strong></span> <span class='ocrx_word' id='word_1_240' title='bbox 1320 3433 1405 3492; x_wconf 90' lang='lat' dir='ltr'><strong>sic</strong></span> <span class='ocrx_word' id='word_1_241' title='bbox 1449 3434 1569 3492; x_wconf 85' lang='lat' dir='ltr'><strong>exit</strong></span> <span class='ocrx_word' id='word_1_242' title='bbox 1606 3434 1663 3493; x_wconf 92' lang='lat' dir='ltr'><strong>in</strong></span> <span class='ocrx_word' id='word_1_243' title='bbox 1706 3449 1876 3493; x_wconf 83' lang='lat' dir='ltr'><strong>auras</strong></span> 
     </span>
    </p>
   </div>
   <div class='ocr_carea' id='block_1_4' title="bbox 2256 1166 2370 1222">
    <p class='ocr_par' dir='ltr' id='par_1_4' title="bbox 2256 1166 2370 1222">
     <span class='ocr_line' id='line_1_40' title="bbox 2256 1166 2370 1222; baseline -0.018 0"><span class='ocrx_word' id='word_1_244' title='bbox 2256 1166 2370 1222; x_wconf 73' lang='lat'><strong>265</strong></span> 
     </span>
    </p>
   </div>
   <div class='ocr_carea' id='block_1_5' title="bbox 2252 1588 2372 1645">
    <p class='ocr_par' dir='ltr' id='par_1_5' title="bbox 2252 1588 2372 1645">
     <span class='ocr_line' id='line_1_41' title="bbox 2252 1588 2372 1645; baseline 0.017 -2"><span class='ocrx_word' id='word_1_245' title='bbox 2252 1588 2372 1645; x_wconf 78' lang='lat'><strong>270</strong></span> 
     </span>
    </p>
   </div>
   <div class='ocr_carea' id='block_1_6' title="bbox 2250 2010 2366 2066">
    <p class='ocr_par' dir='ltr' id='par_1_6' title="bbox 2250 2010 2366 2066">
     <span class='ocr_line' id='line_1_42' title="bbox 2250 2010 2366 2066; baseline 0 -1"><span class='ocrx_word' id='word_1_246' title='bbox 2250 2010 2366 2066; x_wconf 77' lang='lat'><strong>2⁷5</strong></span> 
     </span>
    </p>
   </div>
   <div class='ocr_carea' id='block_1_7' title="bbox 2494 1686 2499 2635">
    <p class='ocr_par' dir='ltr' id='par_1_7' title="bbox 2494 1686 2499 2635">
     <span class='ocr_line' id='line_1_43' title="bbox 2494 1686 2499 2635; baseline 0 0"><span class='ocrx_word' id='word_1_247' title='bbox 2494 1686 2499 2635; x_wconf 95' lang='lat' dir='ltr'><strong> </strong></span> 
     </span>
    </p>
   </div>
   <div class='ocr_carea' id='block_1_8' title="bbox 2495 2956 2497 3882">
    <p class='ocr_par' dir='ltr' id='par_1_8' title="bbox 2495 2956 2497 3882">
     <span class='ocr_line' id='line_1_44' title="bbox 2495 2956 2497 3882; baseline 0 0"><span class='ocrx_word' id='word_1_248' title='bbox 2495 2956 2497 3882; x_wconf 95' lang='lat' dir='ltr'><strong> </strong></span> 
     </span>
    </p>
   </div>
  </div>
 </body>
</html>
