2517 3909
751 219 1149 274 Tnnnsmos
1193 221 1332 274 Lm.
1379 221 1429 270 1.
1964 288 1972 295 ι
2063 207 2143 282 2ῥ1

151 370 317 434 Haud
359 371 608 440 humiles
646 383 806 442 tanta
844 375 930 442 ira
971 376 1178 453 docet,
1219 375 1574 456 generisque
1609 374 1848 456 superbi
2043 386 2146 443 445

148 456 363 535 Magna
403 477 514 540 per
554 460 797 522 effusum
840 462 1172 528 elateseunt
1215 463 1381 539 signa
1425 466 1739 526 cruorem?

278 543 393 604 Vix
429 563 501 606 ea
543 563 673 612 cum
712 546 892 613 mixto
936 547 1192 614 elamore
1235 546 1472 625 obliqua
1515 554 1744 612 tuentes

148 625 437 707 Incipiunt
477 649 618 692 una:
661 630 817 696 ‘Rex
857 648 892 698 e
936 632 1233 696 mitissime
1277 630 1583 705 Achivum,

151 710 307 785 Quid
346 714 546 775 verbis
585 713 781 796 opus?
824 717 954 796 ipse
996 716 1281 783 undantes
1323 716 1604 792 sanguiue
1646 716 1843 782 vultus

149 796 450 877 Adspicis.
455 804 479 834 ⁹
565 800 728 862 Haec
768 802 985 880 passim
1024 801 1268 868 turbatis
1301 802 1468 864 vocis
1511 818 1739 866 amarae
2039 812 2148 866 450

150 879 491 946 Confudere
528 887 716 955 sonis;
762 886 896 950 iude
936 904 1104 952 orsus
1151 888 1208 950 in
1246 886 1449 950 ordine
1494 884 1730 961 Tydeus

150 963 497 1047 Continuat,
539 972 751 1037 moesti
790 972 1032 1050 cupiens
1078 971 1286 1036 solatia
1321 989 1522 1036 casus:

146 1050 585 1115 ‘monstriferae
631 1052 948 1132 Calydonis
988 1074 1137 1136 opes
1179 1054 1587 1135 Acheloiaque
1630 1073 1769 1120 arva

148 1135 440 1199 Deserui:
480 1141 695 1204 vestris
736 1141 831 1204 hic
866 1159 960 1206 me
1004 1160 1150 1206 ecce
1194 1142 1253 1203 in
1296 1140 1505 1206 finibus
1543 1141 1749 1218 ingens

147 1220 289 1282 Nox
328 1225 539 1302 operit.
610 1224 796 1288 Tecto
838 1226 1070 1292 coelum
1106 1225 1423 1306 prohibere
1467 1226 1595 1309 quis
1638 1226 1748 1287 iste
2043 1236 2150 1290 455

148 1304 402 1368 Arcuit?
446 1326 519 1369 an
555 1310 825 1389 quoniam
870 1312 1033 1390 prior
1074 1312 1225 1376 haec
1267 1310 1340 1376 ad
1375 1310 1570 1376 limina
1607 1309 1763 1374 forte

146 1389 388 1458 Molitur
431 1392 716 1471 gressus?
758 1397 977 1476 pariter
1017 1394 1314 1460 stabulare
1358 1392 1712 1459 bimembres

153 1474 484 1538 Centauros
516 1497 746 1559 unaque
787 1480 982 1545 ferunt
1024 1478 1321 1580 Cyclopas
1361 1480 1418 1545 in
1461 1478 1651 1542 Aetna

150 1558 555 1642 compositos.
642 1566 788 1630 Sunt
834 1575 894 1627 et
932 1565 1150 1631 rabidis
1193 1566 1317 1630 iura
1357 1565 1525 1629 insita
1567 1566 1839 1629 monstris

148 1644 385 1727 Fasque
428 1667 621 1714 suum·
665 1649 835 1715 nobis
876 1651 1106 1716 sociare
1150 1648 1366 1714 cubilia
1402 1645 1644 1714 terrae?
2046 1657 2151 1714 460

150 1731 277 1792 Sed
316 1731 451 1812 quid
496 1732 654 1813 ego?
700 1743 797 1798 aut
836 1734 1013 1801 hodie
1055 1734 1264 1813 spoliis
1311 1734 1548 1812 gavisus
1586 1732 1796 1809 abibis,

150 1814 433 1897 Quisquis
475 1838 575 1896 es,
619 1820 743 1897 his,
790 1829 887 1884 aut
927 1838 1058 1895 me,
1096 1820 1145 1884 si
1191 1836 1308 1883 nou
1348 1817 1601 1883 effoetus
1635 1816 1848 1882 oborto

146 1901 404 1979 Sanguis
446 1903 623 1965 hebet
664 1905 854 1980 luctu,
899 1904 1090 1983 magni
1134 1902 1208 1968 de
1247 1903 1433 1984 stirpe
1475 1911 1734 1968 creatum

148 1984 395 2047 Oeneos
433 1998 493 2049 et
532 1987 700 2054 Marti
740 2007 857 2055 non
893 1991 1259 2068 degenerare
1303 1998 1551 2069 paterno
2128 2041 2133 2049 .

153 2071 487 2152 Accipies!
529 2107 615 2118 —
654 2073 807 2139 ‘Nec
848 2092 958 2141 nos
1002 2074 1172 2140 animi
1214 2092 1328 2138 uec
1372 2073 1569 2153 stirpis
1609 2074 1899 2151 egemus?
2044 2078 2149 2136 4615

153 2156 271 2218 lile
308 2157 494 2219 refert
537 2168 770 2236 contra,
811 2159 922 2224 sed
964 2178 1127 2224 mens
1170 2159 1281 2224 sibi
1324 2159 1559 2224 conseia
1596 2157 1735 2222 facti

157 2240 476 2308 Cunctatur
516 2244 789 2324 proferre
824 2254 1065 2324 putrem.
1156 2244 1319 2309 Tunc
1360 2245 1513 2308 mitis
1553 2242 1874 2308 Adrastus:

155 2327 365 2389 Immo
405 2330 596 2408 agite,
642 2337 701 2394 et
745 2330 990 2410 positis,
1034 2349 1177 2411 quas
1214 2348 1334 2394 nox
1370 2330 1723 2408 inopinaque
1761 2324 1945 2390 suasit

156 2413 277 2473 Aut
318 2413 500 2474 virtus
544 2423 640 2475 aut
683 2415 801 2492 ira,
840 2416 1044 2498 minis«,
1089 2415 1391 2480 succedite
1429 2423 1609 2478 tecto

153 2496 280 2559 Iam
325 2500 542 2577 pariter
580 2507 788 2564 coeant
835 2501 1150 2564 animorum
1190 2502 1249 2562 in
1300 2500 1549 2579 pignora
1588 2497 1855 2562 dextrae
2047 2501 2154 2560 470

151 2581 291 2644 Non
332 2583 482 2644 haec
523 2584 814 2650 incassum
858 2584 1123 2665 divisque
1167 2583 1509 2647 absentibus
1550 2589 1716 2646 aeta:

155 2667 387 2734 Forsan
430 2677 488 2730 et
525 2668 634 2735 has
682 2678 959 2733 venturus
1003 2687 1166 2734 amor
1202 2667 1574 2749 praemiserit
1614 2666 1754 2743 iras,

155 2753 236 2814 Ut
278 2753 605 2815 meminisse
644 2754 851 2816 iuvet-²
936 2752 1066 2818 Nec
1103 2772 1250 2817 vana
1294 2770 1449 2816 voce
1488 2751 1723 2815 locutus

156 2836 305 2899 Fata
335 2855 552 2917 senex,
589 2838 872 2918 siquidem
906 2837 1395 2919 haucperhibent
1426 2846 1563 2918 post
1591 2836 1833 2901 vulnera
1860 2834 2068 2900 iunctis
2095 2896 2100 2901 .

158 2922 315 2985 Esse
352 2923 553 3001 fidem,
604 2932 814 3004 quanta
857 2924 1126 3004 partitum
1166 2931 1428 2988 extrema
1470 2931 1750 3002 protervo
2051 2927 2157 2983 475

162 3006 398 3070 Thesea
436 3006 729 3086 Pirithoo,
769 3009 867 3074 vel
909 3010 1134 3072 inanem
1178 3008 1387 3072 mentis
1430 3005 1701 3072 Orestem

160 3091 451 3174 opposito
495 3094 754 3156 rabidam
795 3092 1018 3171 Pylade
1057 3094 1275 3157 vitasse
1317 3090 1676 3171 Megaeram.

269 3176 452 3239 Tunc
490 3197 724 3260 quoque
766 3179 1113 3242 mulcentem
1157 3178 1331 3241 dictis
1372 3178 1551 3242 eorda
1593 3196 1804 3259 aspera
1846 3194 2054 3295 regem

161 3262 284 3324 lam
317 3262 527 3324 faciles
560 3298 645 3313 -—-
688 3264 877 3326 ventis
919 3273 982 3325 ut
1025 3262 1324 3328 decertata
1364 3264 1627 3326 residunt

156 3348 468 3429 Aequora,
512 3349 838 3430 laxatisque
890 3348 988 3412 diu
1027 3357 1222 3413 tamen
1260 3367 1401 3411 aura
1438 3356 1743 3427 superstes
2055 3354 2161 3410 480

161 3432 472 3494 Inmoritur
512 3433 699 3511 velis,
740 3468 824 3480 -—-
865 3434 1029 3514 passi
1072 3433 1313 3498 subiere
1357 3440 1621 3513 penates.

160 3515 271 3582 Hic
307 3518 549 3598 primum
588 3518 837 3580 lustrare
882 3518 1072 3582 oculis
1107 3520 1419 3598 cultusque
1458 3517 1712 3579 virorum
