2517 3909
531 133 592 189 P.
630 133 908 189 PAPINII
947 134 1189 189 STATII
1228 135 1606 196 SILUARUM
1641 137 1704 193 L.
1740 136 1839 205 111,
1879 144 1926 191 1.
2212 136 2295 200 67

160 302 374 346 senem
428 283 705 365 patrem.
786 278 1070 345 Earinus
1124 284 1487 364 praeterea,
1542 280 1915 347 Germanici
1968 284 2179 347 nostri
2222 284 2297 347 li-

163 371 414 455 bertus,
470 370 595 434 scit
640 369 947 454 quamdiu
992 369 1382 435 desiderium
1431 371 1568 435 eius
1614 374 1904 436 moratus
1954 371 2104 451 sim,
2150 393 2297 437 cum

160 459 434 543 petisset
490 462 564 523 ut
616 458 886 541 capillos
935 481 1117 538 suoS,
1170 481 1332 545 quos
1381 481 1528 524 cum
1575 463 1906 545 gemmata
1948 460 2183 545 pyxide
2231 464 2298 525 et

162 548 424 633 speculo
484 547 565 611 ad
628 547 1101 633 Pergamenum
1163 547 1542 633 Asclepium
1605 550 1934 634 mittebat,
1997 550 2294 615 uersibus
2333 547 2402 597 25

160 637 536 702 dedicarem.
600 658 853 701 summa
888 639 990 701 est
1024 637 1279 722 egloga,
1324 660 1454 723 qua
1488 659 1742 703 mecum
1787 638 2081 704 secedere
2125 636 2299 704 Nea-

159 727 358 810 polim
405 723 744 791 Claudiam
788 747 1003 790 meam
1049 725 1372 791 exhortor.
1442 726 1579 810 hic,
1635 728 1691 791 si
1737 748 1961 793 uerum
2008 729 2297 813 dicimuS,

159 837 365 881 sermo
425 819 553 900 est3
614 815 911 900 equidem
968 836 1255 901 securus,
1312 819 1386 879 ut
1439 838 1584 880 cum
1628 839 1826 882 uxore
1873 821 1941 881 et
1997 818 2106 902 qui
2151 839 2295 901 per-

158 904 420 969 suadere
468 903 661 969 malit
704 926 900 990 quam
943 904 1217 988 placere.
1289 904 1440 969 huic
1481 906 1828 989 praecipue
1864 906 2085 971 libello
2123 907 2295 971 faue-

155 994 283 1077 bis,
356 1014 507 1057 cum
573 993 740 1057 scias
814 992 984 1057 hanc
1046 993 1548 1059 destinationem
1613 995 1850 1079 quietis
1915 1016 2098 1059 meae
2168 996 2292 1060 tibi
2331 992 2400 1043 30

157 1082 430 1146 maxime
485 1081 820 1147 intendere
865 1104 1096 1166 meque
1149 1104 1285 1147 non
1341 1085 1479 1147 tam
1523 1083 1595 1147 in
1639 1085 1920 1167 patriam
1967 1106 2161 1169 quam
2208 1084 2288 1148 ad

156 1185 217 1234 te
263 1171 579 1235 secedere.
641 1172 805 1236 uale.

1190 1419 1241 1484 Ι.

446 1557 832 1613 HERCULES
872 1558 1390 1615 SURRENTINUS
1428 1559 1669 1616 POLLII
1705 1557 1999 1615 FELICIS.

150 1668 533 1733 Intermissa
575 1667 700 1733 tibi
743 1671 1035 1753 renouat,
1085 1668 1446 1754 Tirynthie‚
1492 1691 1677 1734 sacra

151 1757 397 1823 Pollius
445 1761 512 1821 et
555 1777 784 1821 causas
831 1757 1129 1842 designat
1174 1758 1415 1823 desidis
1461 1760 1635 1843 anni,

153 1846 339 1924 Quod
388 1846 617 1910 coleris
664 1846 912 1911 maiore
958 1846 1141 1912 tholo
1185 1868 1307 1911 nec
1351 1848 1546 1912 litora
1589 1867 1837 1931 pauper

151 1934 344 1999 Nuda
388 1938 571 1998 tenes
615 1937 983 2020 tectumque
1029 1937 1219 2021 uagis
1265 1935 1623 2002 habitabile
1666 1935 1906 2018 nautis,

151 2023 272 2089 Sed
317 2023 561 2089 nitidos
607 2026 826 2106 postes
874 2022 1191 2109 Graisque
1238 2025 1462 2090 effulta
1506 2024 1789 2089 metallis
2361 2039 2394 2089 ὅ

150 2111 469 2196 Culmina,
516 2133 628 2177 ceu
673 2112 883 2176 taedis
930 2113 1164 2179 iterum
1210 2115 1520 2179 lustratus
1566 2113 1827 2179 honesti

146 2202 328 2289 Ignis
378 2202 462 2266 ab
509 2199 750 2266 Oetaea
797 2203 1243 2267 conscenderis
1292 2204 1556 2269 aethera
1600 2204 1879 2267 flamma.

150 2290 278 2356 Uix
326 2290 530 2355 oculis
578 2291 924 2375 animoque
969 2290 1147 2356 fides,
1218 2294 1376 2356 tune
1421 2293 1532 2357 ille
1575 2293 1807 2357 reclusi

145 2379 421 2445 Liminis
468 2382 535 2443 et
576 2400 817 2462 paruae
864 2383 1080 2444 custos
1126 2381 1442 2466 inglorius
1491 2381 1683 2446 arae‘?

146 2469 336 2536 Unde
380 2468 544 2534 haec
589 2468 740 2532 aula
782 2489 1007 2533 recens
1050 2470 1397 2554 fulgorque
1443 2471 1746 2555 inopinus
1794 2469 2037 2555 agresti
2326 2483 2394 2533 10

144 2556 461 2623 Alcidae?
535 2560 688 2621 sunt
728 2558 871 2621 fata
916 2557 1123 2642 deum,
1170 2563 1321 2624 sunt
1363 2559 1505 2624 fata
1548 2560 1863 2624 locorum!

147 2646 198 2712 Ο
243 2647 442 2711 uelox
488 2646 729 2730 pietas!
804 2645 1055 2711 steriles
1100 2647 1207 2712 hic
1250 2669 1458 2731 nuper
1500 2648 1780 2713 harenas

145 2735 242 2802 Ac
290 2757 589 2820 sparsum
634 2735 866 2820 pelago
914 2737 1154 2801 montis
1199 2731 1374 2802 latus
1421 2736 1724 2822 hirtaque
1757 2737 1966 2801 dumis

148 2824 313 2890 Saxa
359 2846 480 2890 nec
525 2824 661 2888 ulla
704 2824 845 2908 pati
888 2824 1114 2889 faciles
1160 2826 1441 2911 uestigia
1483 2830 1692 2891 terras

147 2912 424 2980 Cernere
472 2915 627 2979 erat.
703 2935 1020 2998 quaenam
1067 2914 1282 2979 subito
1326 2916 1593 2980 fortuna
1635 2915 1921 3001 rigentes
2327 2927 2393 2977 15

145 3001 400 3068 Ditauit
446 3001 793 3086 scopulos?
865 3001 1147 3086 Tyrione
1191 3004 1354 3068 haec
1399 3004 1652 3068 moenia
1697 3004 1946 3087 plectro

284 3202 356 3252 22
393 3194 619 3250 eatinus
657 3199 727 3251 Δ·
764 3196 973 3251 ierinus
1011 3202 1046 3249 ο
1073 3199 1092 3266 u
1120 3200 1189 3250 23
1227 3196 1321 3251 dei
1353 3201 1478 3266 post
1505 3194 1826 3252 Germanici
1861 3198 2097 3251 inseruit
2123 3196 2284 3251 Dom.

150 3267 166 3338 Η
197 3274 265 3322 2⁷
304 3266 422 3322 dici
457 3266 547 3321 uis
581 3267 903 3322 Bursianus

281 3340 324 3395 1.
366 3345 400 3394 9
437 3337 677 3393 Liminis
712 3342 781 3392 A:
819 3338 1070 3394 Luminis
1099 3345 1134 3392 0
1160 3340 1180 3408 fl
1210 3344 1276 3393 13
1305 3339 1393 3393 Ad
1433 3355 1685 3409 sparsum
1725 3344 1777 3408 Ο,
1815 3340 2042 3395 correxi.
2080 3338 2286 3407 Asper-

148 3427 336 3464 Eum..

1650 3479 1669 3496 a
1777 3499 1853 3549 5*
