2517 3909
734 140 1135 189 THEBMDos
1190 141 1332 190 mn.
1396 142 1548 192 vm.
2029 131 2140 194 181

126 295 349 371 Qualis
393 295 481 356 ab·
507 294 763 357 Arcadio
801 296 977 357 rediit
1019 296 1348 374 Tirynthius
1393 306 1560 358 antro
2051 308 2156 365 750

131 377 564 462 Captivumque
608 399 773 441 suem
815 380 1192 442 clamantibus
1236 381 1426 442 intulit
1468 382 1668 460 Argis.

267 464 530 543 Erigitur
573 465 807 541 Tydeus
849 465 1129 544 vultuque
1173 467 1466 543 occurrit,
1509 476 1568 528 et
1605 485 1802 529 amens

128 550 504 628 Laetitiaque
548 551 785 628 iraque,
828 558 890 609 ut
933 551 1304 628 singultantia
1341 551 1531 612 vidit

135 632 263 695 Ora
306 635 572 716 trahique
618 634 827 694 oculos
874 651 1127 715 seseque
1171 637 1409 714 agnovit
1450 636 1508 694 in
1550 617 1677 713 illo,

132 718 398 798 Imperat
431 719 724 782 abscisum
762 722 967 799 porgi‚
1004 720 1290 799 laevaque
1326 728 1629 799 receptum
2044 733 2150 789 755

137 806 391 883 Spectat
432 812 603 865 atrox
645 803 859 865 hostile
903 814 1078 885 caput
1119 805 1435 885 gliscitque
1475 806 1733 883 tepentis

135 888 380 951 Lumina
416 897 585 949 torva
627 888 831 948 videns
877 898 938 950 et
980 889 1169 951 adhuc
1214 889 1526 950 dubitantia
1568 889 1691 967 figi.

266 972 480 1034 Infelix
517 982 824 1033 contentus
861 984 1013 1043 erat;
1057 974 1193 1053 plus
1239 975 1422 1052 exigit
1463 973 1640 1033 ultrix

141 1056 499 1137 Tisiphone;
544 1060 771 1137 iamque
813 1059 1032 1119 inflexo
1078 1058 1334 1120 Tritonia
1379 1067 1548 1135 patre

135 1142 407 1203 Venerat
451 1152 510 1203 et
553 1143 767 1203 misero
814 1142 995 1204 decus
1032 1143 1338 1204 inmortale
1375 1142 1629 1217 ferebat,
2049 1152 2154 1209 760

136 1227 346 1306 Atque
389 1228 550 1288 illum
595 1226 819 1287 effracti
863 1227 1164 1307 perfusum
1203 1228 1340 1289 tabe
1382 1225 1617 1287 cerebri

139 1312 420 1391 Adspicit
459 1321 518 1371 et
559 1313 694 1372 vivo
737 1312 1128 1373 scelerantem
1172 1313 1457 1391 sanguine
1497 1311 1722 1373 fauces.

134 1395 276 1457 Nec
324 1397 565 1456 comites
610 1396 844 1456 auferre
884 1397 1113 1465 valent;
1159 1399 1321 1458 stetit
1360 1414 1572 1475 aspera
1611 1393 1817 1473 'Gorgo

140 1479 421 1541 Crinibus
464 1481 720 1555 emisam,
762 1482 1028 1560 rectique
1073 1490 1206 1543 ante
1251 1499 1356 1543 ora
1400 1489 1667 1541 cerastae

136 1565 444 1625 Velavere
487 1565 683 1633 deam3
728 1564 874 1643 fugit
914 1576 1180 1626 aversata
1224 1567 1537 1642 iacentem,
2048 1578 2150 1634 765

132 1648 277 1710 Nec
322 1652 481 1729 prius
524 1657 679 1710 astra
722 1649 917 1726 subit,·
947 1668 1115 1730 quam
1157 1651 1402 1726 mystica
1446 1649 1706 1729 lampas,
1756 1650 1813 1710 in
1853 1651 2050 1713 insons

134 1733 381 1795 Elissos
422 1734 599 1795 multa
639 1735 907 1812 purgavit
951 1734 1161 1796 lumina
1202 1734 1457 1814 lympha.
