2517 3909
838 160 1237 212 mammos
1281 162 1421 211 Lm.
1465 162 1561 212 v1.
2069 151 2188 213 127

197 315 331 378 Ceu
371 315 545 377 modo
586 315 922 380 carceribus
964 316 1231 379 ‘dimissus
1274 318 1331 378 in
1373 335 1512 380 arva
1553 316 1761 379 solutis

193 400 686 481 Verberibusque
724 400 999 462 iulias-et
1036 413 1204 481 terga
1248 403 1489 464 lacessit
1526 402 1770 464 habenis

199 485 532 566 [Ascheton
566 487 1034 567 increpitansque
1073 488 1266 548 levem
1310 485 1686 567 Cygnumque
1724 487 2019 571 nivaleml.

192 570 368 631 Nunc
412 571 619 631 saltem
643 572 788 632 ‘dum
831 585 1001 633 nemo
1029 573 1240 651 prior,
1280 574 1432 651 rapit
1473 574 1685 650 igneus·
1721 575 1900 637 orbes
2090 587 2192 646 525

193 653 384 731 Axis,
430 663 490 715 et
532 656 788 717 effossae
825 656 1004 734 longe
1047 665 1397 736 sparguntur
1426 654 1659 717 arenae.

193 737 317 799 Dat
358 740 632 817 gemitum
673 740 874 801 tellus*
898 750 957 801 et
998 742 1109 801 iam
1154 749 1292 801 tunc
1337 757 1513 802 saeva
1554 743 1813 804 minatur.

195 821 470 885 Forsitan
509 833 569 884 et
609 828 765 885 victo
812 827 973 904 prior
1013 827 1162 885 isset
1202 824 1422 886 Arione
1470 823 1727 904 Cygnus,

202 908 325 968 Sed
364 918 525 971 vetat
569 925 898 989 aequoreus
943 909 1097 970 vinci
1138 919 1335 990 pater3
1378 909 1514 970 hinc
1553 913 1684 971 vice
1714 913 1863 975 iusta

199 989 403 1055 Gloria
438 995 644 1055 mansit
686 1012 861 1074 equo,
908 996 1089 1055 cessit
1125 996 1375 1055 victoria
1416 994 1553 1054 vati.
2086 995 2192 1065 5:30

328 1075 477 1138 Huic
517 1079 763 1158 pretinm
802 1078 1030 1159 palmae
1070 1080 1286 1157 gemini
1327 1088 1555 1139 cratera
1597 1077 1865 1146 ferebant

193 1160 551 1222 Herculeum
586 1164 861 1223 iuvenes:
907 1161 1443 1240 illumssTirynthius
1486 1162 1626 1223 olim

193 1244 383 1307 Ferre
426 1265 592 1308 manu
635 1247 762 1309 sola
806 1258 1281 1328 spumantemque
1323 1265 1430 1308 ore
1475 1249 1683 1328 supino

199 1330 488 1409 Vertere,
536 1350 640 1393 seu
682 1333 928 1392 monstri·
959 1335 1179 1411 victor,
1227 1352 1333 1393 seu
1371 1331 1589 1410 Marte,
1625 1333 1875 1396 solebat.
2136 1379 2143 1386 -

200 1412 528 1476 Centauros
571 1416 757 1477 habet'
789 1426 913 1478 arte
957 1426 1156 1478 truces
1199 1435 1515 1497 aurumque
1559 1417 1789 1495 figuris·
2088 1429 2191 1484 535

199 1499 525 1579 Terribile,
570 1501 679 1561 hic·
707 1503 882 1562 mixta
924 1502 1290 1582 Lapitharum
1330 1501 1512 1563 caede
1552 1511 1815 1563 rotantur

198 1584 390 1662 Saxa,
433 1585 601 1646 faces
640 1586 855 1665 aliique
900 1587 1105 1646 iterum
1149 1595 1448 1664 crateres,
1489 1585 1704 1665 ubique

192 1668 475 1747 Ingentes
516 1672 857 1730 morientum
899 1670 1054 1740 irae3
1097 1679 1261 1731 tenet
1295 1672 1426 1750 ipse
1462 1671 1751 1732 furentem

197 1753 485 1830 Hylaeum
524 1763 583 1814 et
624 1763 777 1815 torta
811 1754 1043 1814 molitur
1078 1753 1295 1815 robora
1333 1754 1533 1816 barba.

330 1837 409 1899 At
447 1839 551 1900 tibi
585 1838 854 1900 Maeonio
898 1840 1085 1900 fertur
1127 1839 1463 1899 circumflua
1500 1837 1678 1899 limbo
2092 1850 2196 1905 540

200 1922 316 1983 Pro
358 1925 612 2001 meritis,
655 1924 939 2001 Admete,
991 1923 1249 2000 chlamys
1288 1924 1660 2002 repetitaque
1700 1923 1878 1984 multo

201 2006 445 2068 Murice.
528 2008 778 2086 Phryxei
819 2017 976 2069 natat
1018 2008 1114 2069 hic
1158 2016 1524 2087 contemptor
1567 2007 1830 2087 ephebus

200 2092 500 2171 Aequoris
545 2102 604 2153 et
649 2095 801 2174 picta
843 2093 1162 2156 translucet
1199 2093 1467 2153 caerulus
1510 2092 1695 2162 unda;

201 2175 268 2236 In
309 2177 459 2237 latus
501 2178 588 2237 ire
631 2195 831 2240 manus
863 2187 1309 2257 mutaturusque
1351 2177 1580 2237 videtur

200 2261 482 2339 Brachia,
528 2281 639 2323 nec
674 2264 895 2323 siccum
931 2281 1139 2343 speres
1175 2264 1233 2323 in
1267 2263 1508 2324 stamine
1539 2262 1789 2333 crinem;
2092 2272 2195 2327 545

206 2343 422 2407 Contra
464 2356 652 2408 autem
691 2347 906 2408 frustra
948 2347 1118 2409 sedet
1161 2349 1328 2408 anxia
1370 2355 1529 2407 turre
1575 2365 1844 2427 suprema
2162 2373 2171 2382 ’

204 2431 430 2491 Sestias
467 2433 524 2491 in
566 2431 861 2512 speculis,
906 2433 1146 2493 moritur
1183 2449 1374 2511 prope
1419 2432 1688 2492 conscias
1736 2434 1907 2511 ignis.

202 2512 322 2575 Has
368 2514 649 2576 Adrastus
693 2533 842 2596 opes
883 2517 1037 2578 dono
1080 2516 1403 2577 victoribus
1441 2516 1527 2575 ire

201 2598 484 2680 Imperat:
529 2610 587 2662 at
625 2618 904 2680 generum
943 2600 1157 2662 famula
1200 2600 1425 2661 solatur
1463 2598 1722 2660 Achaea.

329 2683 618 2747 Sollicitat
661 2696 797 2747 tuuc
838 2686 1028 2766 ampla
1062 2687 1222 2746 viros
1264 2684 1339 2745 ad
1376 2685 1636 2765 praemia
1667 2702 1840 2745 cursu
1897 2713 1901 2717 ·
2096 2698 2202 2750 550

198 2768 621 2832 Praeceleres:
668 2770 821 2849 agile
866 2771 1110 2833 studium
1154 2779 1215 2831 et
1255 2771 1588 2831 tenuissima
1630 2769 1835 2848 virtus,

204 2852 375 2914 Pacis
413 2870 592 2934 oan,
641 2873 813 2934 quum
847 2872 1015 2915 sacra
1054 2864 1300 2932 vocant,
1347 2872 1461 2915 nec
1501 2853 1701 2914 inutile
1746 2855 1919 2917 bellis

202 2935 567 3016 Subsidium,
612 2941 663 3000 si
697 2938 901 3000 dextra
942 2949 1140 3017 neget.
1221 2940 1389 3000 Prior
1429 2937 1692 2999 omnibus
1733 2938 1889 3022 Idas,
1978 2977 1985 2992 ι

199 3020 409 3102 Nuper
451 3022 810 3104 Olympiacis
851 3022 1143 3084 umbratus
1183 3033 1452 3102 tempora
1490 3023 1685 3101 ramis,

202 3103 476 3186 Prosilit,
522 3109 817 3191 excipiunt
855 3108 1062 3188 plausu
1103 3107 1308 3169 Pisaea
1351 3109 1618 3170 iuventus
1752 3143 1759 3160 ι
2096 3115 2199 3171 555

200 3188 510 3272 Eleaeque
554 3212 784 3272 manns,
829 3194 1092 3275 sequitur
1122 3193 1446 3269 Sicyonius
1485 3191 1700 3269 Alcon,

202 3274 283 3336 Et
325 3274 417 3337 bis
455 3278 512 3338 in
552 3277 861 3340 Isthmiaca
901 3280 1094 3339 victor
1134 3277 1414 3340 clamatus
1456 3293 1633 3337 arena

203 3356 589 3442 Phaedimus,
632 3362 1039 3446 alipedumque
1080 3361 1279 3440 fugam
1320 3377 1710 3442 praegressus
1754 3373 2034 3438 equorum

202 3444 360 3508 Ante
402 3447 654 3531 Dymas,
699 3448 807 3512 sed
848 3458 985 3511 tunc
1027 3464 1179 3511 aevo
1222 3447 1485 3510 tardante
1527 3451 1782 3507 secutus.
1822 3443 1829 3448 “
