2517 3909
185 186 227 249 6
933 186 994 240 Ρ.
1032 186 1310 242 ΡΑΡῙΝΠ
1347 186 1591 243 STATII

181 332 444 419 longius
498 333 806 415 tractum,
863 331 1182 416 quaedam
1237 335 1305 397 et
1358 332 1428 397 in
1482 333 1757 419 singulis
1819 333 2042 398 diebus
2088 334 2319 419 effusa3

184 442 578 508 quamquam
635 420 835 485 timeo
880 441 965 484 ne
1011 442 1238 485 uerum
1284 421 1452 486 istuc
1496 442 1722 487 uersus
1770 443 2025 507 quoque
2069 423 2195 507 ipsi
2239 424 2318 489 de
2342 444 2414 493 2ο

183 532 252 576 se
296 509 592 594 probent.
681 509 928 611 primus
974 509 1231 574 libellus
1288 514 1773 575 sacrosanctum
1817 510 2017 576 habet
2061 514 2319 577 testem:
2505 517 2508 550 ³

187 599 569 664 sumendum
615 598 790 663 enim
835 597 1042 663 erat‘
1056 620 1096 662 a
1139 597 1295 663 Ioue
1339 598 1779 683 principium'.
1871 604 2155 665 ceterum
2197 600 2320 667 hos

179 709 434 773 uersus,
501 708 663 772 quos
717 687 788 751 in
854 708 1092 772 equum
1146 688 1500 753 maximum
1553 688 1703 772 feci,
1755 688 2342 774 indulgentissimo

178 777 555 862 imperatori
617 780 880 860 postero
945 777 1047 841 die
1112 797 1308 862 quam
1369 777 1779 842 dedicauerat
1842 800 2003 862 opus
2066 779 2321 843 tradere

179 866 393 931 iussus
433 888 596 931 sum.
673 864 978 949 ‘potuisti
1014 864 1207 930 illud’
1247 866 1419 931 dicet
1455 866 1687 952 aliquis
1726 865 1823 930 et
1850 870 2002 931 ante
2031 866 2303 932 uidisse'
2308 918 2323 933 .
2343 885 2413 935 25

177 954 603 1039 respondebis
665 953 762 1018 illi
824 958 926 1038 tu,
992 953 1195 1019 Stella
1259 955 1588 1020 carissime
1602 1006 1620 1040 ,
1683 956 1795 1041 qui
1858 956 2322 1040 epithalamion

178 1048 382 1128 tuum,
419 1043 594 1129 quod
619 1042 784 1107 mihi
809 1043 1201 1130 iniunxeras,
1236 1044 1365 1109 scis
1394 1044 1592 1110 biduo
1619 1045 1952 1128 scriptum.
2018 1045 2324 1110 audacter

179 1132 563 1217 mehercles3
610 1132 722 1197 sed
759 1135 982 1197 tamen
1017 1134 1276 1198 tantum
1311 1154 1439 1202 non
1474 1131 1631 1199 000
1659 1133 2067 1199 hexametros
2104 1134 2322 1199 habet.

180 1225 251 1286 at
292 1221 573 1287 fortasse
618 1226 693 1286 tu
736 1243 857 1305 pro
904 1222 1155 1308 collega
1198 1222 1551 1288 mentieris.
1633 1221 1942 1287 Manilius
1989 1227 2162 1288 certe
2189 1221 2321 1287 Uo-

178 1312 414 1396 piscus,
457 1311 560 1375 uir
605 1311 1076 1376 eruditissimus
1124 1315 1190 1376 et
1235 1312 1346 1395 qui
1382 1312 1725 1395 praecipue
1769 1311 2059 1377 uindicat
2104 1333 2144 1375 a
2190 1312 2321 1376 situ
2340 1329 2415 1379 30

178 1400 427 1465 litteras
482 1400 614 1463 iam
669 1420 875 1484 paene
919 1399 1266 1486 fugientes,
1314 1400 1482 1465 solet
1524 1400 1697 1465 ultro
1745 1422 2000 1486 quoque
2055 1401 2321 1465 nomine

178 1510 323 1553 meo
397 1488 692 1574 gloriari,
774 1488 1000 1552 uillam
1074 1487 1490 1554 Tiburtinam
1566 1511 1750 1554 suam
1822 1488 2211 1574 descriptam
2285 1511 2325 1553 a

178 1578 370 1643 nobis
416 1598 548 1642 uno
596 1577 716 1642 die.
810 1577 1100 1662 sequitur
1145 1578 1400 1642 libellus
1445 1576 1693 1642 Rutilio
1723 1576 1974 1643 Gallico
2020 1578 2323 1643 conuale-

180 1666 386 1732 scenti
444 1666 800 1750 dedicatuS‚
859 1666 937 1730 de
993 1689 1120 1751 quo
1177 1666 1343 1731 1111111
1398 1666 1569 1751 dico,
1623 1687 1705 1731 ne
1760 1666 1981 1732 uidear
2036 1666 2326 1731 defuncti

178 1756 364 1820 testis
402 1755 744 1821 occasione
787 1755 1070 1820 mentiri.
1142 1777 1298 1819 nam
1326 1753 1555 1820 Claudi
1582 1754 1847 1820 Etrusci
1872 1756 2324 1821 testimonium
2343 1774 2415 1823 35

180 1848 304 1928 est,
364 1844 476 1930 qui
530 1843 905 1909 balneolum
961 1866 1002 1908 a
1054 1865 1157 1908 me
1214 1866 1404 1909 suum
1458 1845 1635 1909 intra
1688 1866 1940 1910 moram
1986 1865 2182 1909 cenae
2226 1866 2324 1909 re-

179 1934 370 2019 cepit.
459 1933 531 1997 in
585 1933 712 1997 fine
770 1936 926 1998 sunt
977 1932 1310 1998 Kalendae
1355 1931 1762 2018 Decembres,
1822 1933 2056 2019 quibus
2101 1933 2325 2018 utique

180 2022 490 2088 creditur:
535 2025 797 2086 noctem
843 2022 1018 2086 enim
1061 2022 1243 2086 illam
1289 2021 1731 2087 felicissimam
1777 2026 1845 2087 et
1874 2022 2323 2105 uoluptatibus

180 2112 459 2195 publicis
502 2111 907 2194 inexpertam
952 2110 1269 2179 celebrant.
1312 2111 1472 2175 uate.

1225 2322 1278 2389 L

643 2462 834 2530 EQUS
871 2463 1215 2519 MAXIMUS
1253 2464 1653 2519 DOMITIANI
1687 2464 1838 2519 IMP.

181 2573 360 2650 Quae
408 2574 909 2658 superimposito
955 2575 1158 2639 moles
1205 2574 1538 2660 geminata
1584 2574 1835 2638 colosso

183 2662 330 2727 Stat
373 2660 633 2728 Latium
681 2664 1014 2754 complexa
1058 2662 1316 2728 forum?
1363 2664 1628 2729 caelone
1673 2664 2007 2747 peractum

325 2967 394 3017 20
433 2978 779 3038 quamquam
822 2961 997 3044 timeo
1042 2962 1270 3031 scripsi.-
1316 2978 1490 3031 quam
1524 2960 1699 3016 timeo
1737 2965 1785 3012 A
1820 2958 2080 3031 quamuis
2115 2959 2323 3015 mimeo

185 3040 220 3086 6
246 3036 267 3103 ΙΙ
293 3039 362 3089 26
398 3033 584 3089 iussus
619 3051 745 3088 sum
781 3037 845 3089 ς·
881 3033 1100 3089 iussum
1128 3039 1173 3086 6
1209 3052 1244 3086 a
1317 3040 1387 3088 28
1416 3033 1515 3088 sed
1540 3033 1766 3088 tantum
1790 3033 1984 3086 tamen
2011 3033 2325 3086 exametros

184 3110 220 3157 6
257 3123 307 3174 a,
345 3107 613 3161 correxi.
652 3105 753 3160 sed
794 3106 987 3160 tamen
1033 3104 1276 3160 CCLXX
1421 3104 1546 3159 hex.
1592 3103 1755 3158 Dom.
1801 3104 1823 3172 ΙΙ
1869 3107 1938 3157 29
1977 3103 2041 3155 at
2074 3102 2326 3156 Bernar-

183 3177 325 3231 tius.-
361 3178 421 3231 et
455 3182 491 3229 6
510 3195 545 3229 ο,
575 3178 584 3244 1
615 3176 860 3232 Manlius
896 3181 932 3228 6
951 3195 1000 3244 a,
1039 3192 1177 3231 corr.
1217 3176 1686 3230 Friedzaenderua
1711 3176 1732 3245 ΙΙ
1758 3180 1827 3228 33
1866 3172 2084 3229 Gallico
2122 3188 2327 3228 conua-

184 3247 421 3304 lescenti
453 3248 754 3304 Heinsius.-
800 3247 1021 3303 Gallico
1056 3249 1145 3302 est
1178 3245 1398 3301 ualenti
1432 3251 1468 3298 6
1503 3244 1724 3301 Gallico
1761 3243 1978 3300 ualenti
2015 3262 2050 3296 a
2074 3244 2095 3312 ΙΙ
2131 3248 2200 3298 39
2239 3259 2328 3298 ce-

184 3319 424 3375 lebrant.
443 3320 573 3375 uale
596 3320 819 3375 addidi.
840 3335 941 3374 om.
964 3325 999 3371 6
1018 3337 1076 3371 a·
1063 3318 1268 3387 ‚no-dyo
1287 3317 1501 3372 habent
1518 3317 1750 3372 additur
1758 3320 1890 3385 post
1907 3313 2294 3370 felicissimam

326 3391 370 3447 I.
407 3390 598 3457 EQUS
635 3396 706 3445 A:
751 3390 945 3461 Equus
982 3394 1018 3441 6
1058 3392 1088 3457 Ι.
1106 3388 1255 3442 IMP.
1294 3393 1367 3442 A:
1402 3388 1761 3458 imperatoris
1797 3393 1833 3440 6
1877 3389 1898 3457 ΙΙ
1946 3392 1973 3439 1
2021 3401 2189 3455 super
2222 3385 2328 3439 im-

183 3461 369 3531 posito
406 3468 442 3515 6
462 3482 496 3516 a
528 3465 535 3532 Ι
566 3462 852 3533 geminata
886 3479 945 3516 a.
982 3460 1288 3530 gemmata
1305 3464 1353 3511 A
1390 3464 1425 3510 6
