<?xml version="1.0" encoding="UTF-8"?>
<!DOCTYPE html PUBLIC "-//W3C//DTD XHTML 1.0 Transitional//EN"
    "http://www.w3.org/TR/xhtml1/DTD/xhtml1-transitional.dtd">
<html xmlns="http://www.w3.org/1999/xhtml" xml:lang="en" lang="en">
 <head>
  <title>
</title>
<meta http-equiv="Content-Type" content="text/html;charset=utf-8" />
  <meta name='ocr-system' content='tesseract 3.04.00' />
  <meta name='ocr-capabilities' content='ocr_page ocr_carea ocr_par ocr_line ocrx_word'/>
</head>
<body>
  <div class='ocr_page' id='page_1' title='image "./ppapiniusstatiu00placgoog_0143.png"; bbox 0 0 2517 3909; ppageno 0'>
   <div class='ocr_carea' id='block_1_1' title="bbox 862 179 2270 251">
    <p class='ocr_par' dir='ltr' id='par_1_1' title="bbox 862 179 2270 251">
     <span class='ocr_line' id='line_1_1' title="bbox 862 179 2270 251; baseline 0.009 -16"><span class='ocrx_word' id='word_1_1' title='bbox 862 179 1245 237; x_wconf 78' lang='lat' dir='ltr'>SILUARUM·</span> <span class='ocrx_word' id='word_1_2' title='bbox 1273 181 1333 238; x_wconf 90' lang='lat' dir='ltr'>L.</span> <span class='ocrx_word' id='word_1_3' title='bbox 1372 182 1465 251; x_wconf 89' lang='lat' dir='ltr'>IV,</span> <span class='ocrx_word' id='word_1_4' title='bbox 1506 189 1554 238; x_wconf 88' lang='grc'>6.</span> <span class='ocrx_word' id='word_1_5' title='bbox 2144 182 2270 247; x_wconf 88' lang='grc'>115</span> 
     </span>
    </p>
   </div>
   <div class='ocr_carea' id='block_1_2' title="bbox 116 324 2273 2551">
    <p class='ocr_par' dir='ltr' id='par_1_2' title="bbox 132 324 1650 412">
     <span class='ocr_line' id='line_1_2' title="bbox 132 324 1650 412; baseline 0 -20"><span class='ocrx_word' id='word_1_6' title='bbox 132 326 444 393; x_wconf 87' lang='lat' dir='ltr'>Uastator</span> <span class='ocrx_word' id='word_1_7' title='bbox 490 324 793 412; x_wconf 84' lang='lat' dir='ltr'>Nemees3</span> <span class='ocrx_word' id='word_1_8' title='bbox 838 326 1000 392; x_wconf 91' lang='lat' dir='ltr'>haec</span> <span class='ocrx_word' id='word_1_9' title='bbox 1047 326 1305 392; x_wconf 73' lang='lat' dir='ltr'>exitiale</span> <span class='ocrx_word' id='word_1_10' title='bbox 1348 327 1650 393; x_wconf 87' lang='lat' dir='ltr'>ferebant</span> 
     </span>
    </p>

    <p class='ocr_par' dir='ltr' id='par_1_3' title="bbox 132 414 1816 500">
     <span class='ocr_line' id='line_1_3' title="bbox 132 414 1816 500; baseline -0.001 -18"><span class='ocrx_word' id='word_1_11' title='bbox 132 416 351 482; x_wconf 84' lang='lat' dir='ltr'>Robur</span> <span class='ocrx_word' id='word_1_12' title='bbox 398 419 466 482; x_wconf 89' lang='lat' dir='ltr'>et</span> <span class='ocrx_word' id='word_1_13' title='bbox 508 415 768 500; x_wconf 84' lang='lat' dir='ltr'>Argoos</span> <span class='ocrx_word' id='word_1_14' title='bbox 810 414 1207 500; x_wconf 77' lang='lat' dir='ltr'><strong>frangebant</strong></span> <span class='ocrx_word' id='word_1_15' title='bbox 1250 416 1517 482; x_wconf 89' lang='lat' dir='ltr'>brachia</span> <span class='ocrx_word' id='word_1_16' title='bbox 1562 415 1816 482; x_wconf 69' lang='lat' dir='ltr'>remos?</span> 
     </span>
    </p>

    <p class='ocr_par' dir='ltr' id='par_1_4' title="bbox 131 504 1868 591">
     <span class='ocr_line' id='line_1_4' title="bbox 131 504 1868 591; baseline 0.001 -21"><span class='ocrx_word' id='word_1_17' title='bbox 131 506 204 591; x_wconf 71' lang='lat' dir='ltr'>A7</span> <span class='ocrx_word' id='word_1_18' title='bbox 248 506 465 590; x_wconf 88' lang='lat' dir='ltr'>spatio</span> <span class='ocrx_word' id='word_1_19' title='bbox 511 507 650 571; x_wconf 89' lang='lat' dir='ltr'>tam</span> <span class='ocrx_word' id='word_1_20' title='bbox 695 524 938 589; x_wconf 89' lang='lat' dir='ltr'>magna</span> <span class='ocrx_word' id='word_1_21' title='bbox 981 504 1168 569; x_wconf 92' lang='lat' dir='ltr'>breui</span> <span class='ocrx_word' id='word_1_22' title='bbox 1212 505 1549 571; x_wconf 88' lang='lat' dir='ltr'>mendacia</span> <span class='ocrx_word' id='word_1_23' title='bbox 1593 505 1868 571; x_wconf 76' lang='lat' dir='ltr'>formae!</span> 
     </span>
    </p>

    <p class='ocr_par' dir='ltr' id='par_1_5' title="bbox 131 592 2273 858">
     <span class='ocr_line' id='line_1_5' title="bbox 134 592 1927 679; baseline 0.001 -21"><span class='ocrx_word' id='word_1_24' title='bbox 134 592 281 670; x_wconf 84' lang='lat' dir='ltr'>Quis</span> <span class='ocrx_word' id='word_1_25' title='bbox 331 593 564 659; x_wconf 90' lang='lat' dir='ltr'>modus</span> <span class='ocrx_word' id='word_1_26' title='bbox 609 594 681 658; x_wconf 91' lang='lat' dir='ltr'>in</span> <span class='ocrx_word' id='word_1_27' title='bbox 726 594 969 678; x_wconf 86' lang='lat' dir='ltr'>dextra,</span> <span class='ocrx_word' id='word_1_28' title='bbox 1017 596 1262 679; x_wconf 87' lang='lat' dir='ltr'>quanta</span> <span class='ocrx_word' id='word_1_29' title='bbox 1309 595 1705 679; x_wconf 76' lang='lat' dir='ltr'>experientia</span> <span class='ocrx_word' id='word_1_30' title='bbox 1751 595 1927 661; x_wconf 91' lang='lat' dir='ltr'>docti</span> 
     </span>
     <span class='ocr_line' id='line_1_6' title="bbox 137 683 2273 776; baseline 0.001 -28"><span class='ocrx_word' id='word_1_31' title='bbox 137 684 437 768; x_wconf 86' lang='lat' dir='ltr'>Artificis,</span> <span class='ocrx_word' id='word_1_32' title='bbox 484 683 721 748; x_wconf 89' lang='lat' dir='ltr'>cursim</span> <span class='ocrx_word' id='word_1_33' title='bbox 767 683 1012 767; x_wconf 91' lang='lat' dir='ltr'>pariter</span> <span class='ocrx_word' id='word_1_34' title='bbox 1058 683 1425 768; x_wconf 75' lang='lat' dir='ltr'>gestamina</span> <span class='ocrx_word' id='word_1_35' title='bbox 1467 705 1730 750; x_wconf 85' lang='lat' dir='ltr'>mensae</span> <span class='ocrx_word' id='word_1_36' title='bbox 2203 700 2273 776; x_wconf 77' lang='grc'>45</span> 
     </span>
     <span class='ocr_line' id='line_1_7' title="bbox 131 772 2033 858; baseline 0.001 -21"><span class='ocrx_word' id='word_1_37' title='bbox 131 772 398 858; x_wconf 82' lang='lat' dir='ltr'>Fingere</span> <span class='ocrx_word' id='word_1_38' title='bbox 447 776 515 837; x_wconf 92' lang='lat' dir='ltr'>et</span> <span class='ocrx_word' id='word_1_39' title='bbox 558 772 855 857; x_wconf 84' lang='lat' dir='ltr'>ingentes</span> <span class='ocrx_word' id='word_1_40' title='bbox 903 772 1120 837; x_wconf 89' lang='lat' dir='ltr'>animo</span> <span class='ocrx_word' id='word_1_41' title='bbox 1167 794 1426 837; x_wconf 90' lang='lat' dir='ltr'>uersare</span> <span class='ocrx_word' id='word_1_42' title='bbox 1473 773 1794 840; x_wconf 70' lang='lat' dir='ltr'>colossos!</span> <span class='ocrx_word' id='word_1_43' title='bbox 2028 794 2033 798; x_wconf 89' lang='lat'>·</span> 
     </span>
    </p>

    <p class='ocr_par' dir='ltr' id='par_1_6' title="bbox 136 860 1862 947">
     <span class='ocr_line' id='line_1_8' title="bbox 136 860 1862 947; baseline 0.001 -22"><span class='ocrx_word' id='word_1_44' title='bbox 136 860 282 926; x_wconf 86' lang='lat' dir='ltr'>Tale</span> <span class='ocrx_word' id='word_1_45' title='bbox 327 882 451 927; x_wconf 91' lang='lat' dir='ltr'>nec</span> <span class='ocrx_word' id='word_1_46' title='bbox 497 860 712 926; x_wconf 83' lang='lat' dir='ltr'>Idaeis</span> <span class='ocrx_word' id='word_1_47' title='bbox 759 861 1107 947; x_wconf 87' lang='lat' dir='ltr'>quicquam</span> <span class='ocrx_word' id='word_1_48' title='bbox 1152 860 1490 927; x_wconf 82' lang='lat' dir='ltr'>Telchines</span> <span class='ocrx_word' id='word_1_49' title='bbox 1538 862 1608 926; x_wconf 91' lang='lat' dir='ltr'>in</span> <span class='ocrx_word' id='word_1_50' title='bbox 1656 863 1862 927; x_wconf 83' lang='lat' dir='ltr'>antris</span> 
     </span>
    </p>

    <p class='ocr_par' dir='ltr' id='par_1_7' title="bbox 130 948 2265 1304">
     <span class='ocr_line' id='line_1_9' title="bbox 131 948 2006 1038; baseline 0 -22"><span class='ocrx_word' id='word_1_51' title='bbox 131 949 259 1016; x_wconf 89' lang='lat' dir='ltr'>Nec</span> <span class='ocrx_word' id='word_1_52' title='bbox 307 948 568 1016; x_wconf 81' lang='lat' dir='ltr'>Siculus</span> <span class='ocrx_word' id='word_1_53' title='bbox 613 949 893 1016; x_wconf 85' lang='lat' dir='ltr'>Brontes</span> <span class='ocrx_word' id='word_1_54' title='bbox 939 971 1078 1033; x_wconf 88' lang='lat' dir='ltr'>nec,</span> <span class='ocrx_word' id='word_1_55' title='bbox 1125 950 1236 1035; x_wconf 92' lang='lat' dir='ltr'>qui</span> <span class='ocrx_word' id='word_1_56' title='bbox 1280 951 1450 1035; x_wconf 92' lang='lat' dir='ltr'>polit</span> <span class='ocrx_word' id='word_1_57' title='bbox 1496 972 1677 1016; x_wconf 89' lang='lat' dir='ltr'>arma</span> <span class='ocrx_word' id='word_1_58' title='bbox 1723 952 2006 1038; x_wconf 85' lang='lat' dir='ltr'>deorum,</span> 
     </span>
     <span class='ocr_line' id='line_1_10' title="bbox 131 1038 2215 1125; baseline 0.001 -21"><span class='ocrx_word' id='word_1_59' title='bbox 131 1038 430 1105; x_wconf 90' lang='lat' dir='ltr'>Lemnius</span> <span class='ocrx_word' id='word_1_60' title='bbox 477 1040 712 1125; x_wconf 84' lang='lat' dir='ltr'>exigua</span> <span class='ocrx_word' id='word_1_61' title='bbox 755 1040 1079 1124; x_wconf 90' lang='lat' dir='ltr'>potuisset</span> <span class='ocrx_word' id='word_1_62' title='bbox 1120 1040 1342 1105; x_wconf 89' lang='lat' dir='ltr'>ludere</span> <span class='ocrx_word' id='word_1_63' title='bbox 1385 1062 1622 1105; x_wconf 87' lang='lat' dir='ltr'>massa.</span> <span class='ocrx_word' id='word_1_64' title='bbox 2044 1060 2049 1065; x_wconf 82' lang='grc'>’</span> <span class='ocrx_word' id='word_1_65' title='bbox 2209 1120 2215 1124; x_wconf 35' lang='lat'>‚</span> 
     </span>
     <span class='ocr_line' id='line_1_11' title="bbox 130 1127 2265 1214; baseline 0.001 -20"><span class='ocrx_word' id='word_1_66' title='bbox 130 1127 257 1195; x_wconf 91' lang='lat' dir='ltr'>Nec</span> <span class='ocrx_word' id='word_1_67' title='bbox 302 1132 496 1193; x_wconf 91' lang='lat' dir='ltr'>torua</span> <span class='ocrx_word' id='word_1_68' title='bbox 541 1128 817 1213; x_wconf 87' lang='lat' dir='ltr'>effigies·</span> <span class='ocrx_word' id='word_1_69' title='bbox 838 1128 1177 1213; x_wconf 89' lang='lat' dir='ltr'>epulisque</span> <span class='ocrx_word' id='word_1_70' title='bbox 1223 1128 1435 1194; x_wconf 89' lang='lat' dir='ltr'>aliena</span> <span class='ocrx_word' id='word_1_71' title='bbox 1477 1130 1785 1214; x_wconf 85' lang='lat' dir='ltr'>remissis,</span> <span class='ocrx_word' id='word_1_72' title='bbox 2198 1147 2265 1197; x_wconf 85' lang='lat'>50</span> 
     </span>
     <span class='ocr_line' id='line_1_12' title="bbox 133 1215 1791 1304; baseline 0 -21"><span class='ocrx_word' id='word_1_73' title='bbox 133 1215 248 1283; x_wconf 87' lang='lat' dir='ltr'>Sed</span> <span class='ocrx_word' id='word_1_74' title='bbox 295 1219 555 1304; x_wconf 88' lang='lat' dir='ltr'>qualem</span> <span class='ocrx_word' id='word_1_75' title='bbox 599 1217 780 1303; x_wconf 88' lang='lat' dir='ltr'>parci</span> <span class='ocrx_word' id='word_1_76' title='bbox 828 1218 1059 1284; x_wconf 92' lang='lat' dir='ltr'>domus</span> <span class='ocrx_word' id='word_1_77' title='bbox 1107 1217 1426 1282; x_wconf 88' lang='lat' dir='ltr'>admirata</span> <span class='ocrx_word' id='word_1_78' title='bbox 1471 1217 1791 1284; x_wconf 78' lang='lat' dir='ltr'>Molorchi</span> 
     </span>
    </p>

    <p class='ocr_par' dir='ltr' id='par_1_8' title="bbox 130 1305 1646 1393">
     <span class='ocr_line' id='line_1_13' title="bbox 130 1305 1646 1393; baseline 0.002 -23"><span class='ocrx_word' id='word_1_79' title='bbox 130 1305 259 1372; x_wconf 91' lang='lat' dir='ltr'>Aut</span> <span class='ocrx_word' id='word_1_80' title='bbox 302 1307 508 1372; x_wconf 85' lang='lat' dir='ltr'>Aleae</span> <span class='ocrx_word' id='word_1_81' title='bbox 554 1308 718 1372; x_wconf 90' lang='lat' dir='ltr'>lucis</span> <span class='ocrx_word' id='word_1_82' title='bbox 763 1305 929 1371; x_wconf 90' lang='lat' dir='ltr'>uidit</span> <span class='ocrx_word' id='word_1_83' title='bbox 973 1306 1271 1393; x_wconf 87' lang='lat' dir='ltr'>Tegeaea</span> <span class='ocrx_word' id='word_1_84' title='bbox 1318 1307 1646 1391; x_wconf 86' lang='lat' dir='ltr'>sacerdos3</span> 
     </span>
    </p>

    <p class='ocr_par' dir='ltr' id='par_1_9' title="bbox 131 1395 1718 1473">
     <span class='ocr_line' id='line_1_14' title="bbox 131 1395 1718 1473; baseline 0.001 -13"><span class='ocrx_word' id='word_1_85' title='bbox 131 1395 347 1473; x_wconf 83' lang='lat' dir='ltr'>Qualis</span> <span class='ocrx_word' id='word_1_86' title='bbox 396 1399 460 1461; x_wconf 91' lang='lat' dir='ltr'>et</span> <span class='ocrx_word' id='word_1_87' title='bbox 507 1395 767 1461; x_wconf 86' lang='lat' dir='ltr'>Oetaeis</span> <span class='ocrx_word' id='word_1_88' title='bbox 813 1396 1089 1472; x_wconf 87' lang='lat' dir='ltr'>emissus</span> <span class='ocrx_word' id='word_1_89' title='bbox 1133 1396 1204 1460; x_wconf 94' lang='lat' dir='ltr'>in</span> <span class='ocrx_word' id='word_1_90' title='bbox 1251 1398 1431 1461; x_wconf 86' lang='lat' dir='ltr'>astra</span> <span class='ocrx_word' id='word_1_91' title='bbox 1474 1396 1718 1461; x_wconf 89' lang='lat' dir='ltr'>fauillis</span> 
     </span>
    </p>

    <p class='ocr_par' dir='ltr' id='par_1_10' title="bbox 127 1483 1753 1551">
     <span class='ocr_line' id='line_1_15' title="bbox 127 1483 1753 1551; baseline 0.001 -2"><span class='ocrx_word' id='word_1_92' title='bbox 127 1484 368 1550; x_wconf 82' lang='lat' dir='ltr'>Nectar</span> <span class='ocrx_word' id='word_1_93' title='bbox 413 1485 623 1551; x_wconf 87' lang='lat' dir='ltr'>adhuc</span> <span class='ocrx_word' id='word_1_94' title='bbox 667 1488 858 1551; x_wconf 88' lang='lat' dir='ltr'>torua</span> <span class='ocrx_word' id='word_1_95' title='bbox 903 1486 1116 1550; x_wconf 91' lang='lat' dir='ltr'>laetus</span> <span class='ocrx_word' id='word_1_96' title='bbox 1162 1483 1414 1550; x_wconf 87' lang='lat' dir='ltr'>Iunone</span> <span class='ocrx_word' id='word_1_97' title='bbox 1459 1485 1753 1551; x_wconf 88' lang='lat' dir='ltr'>bibebat:</span> 
     </span>
    </p>

    <p class='ocr_par' dir='ltr' id='par_1_11' title="bbox 125 1572 2266 1731">
     <span class='ocr_line' id='line_1_16' title="bbox 129 1572 2266 1661; baseline 0.002 -22"><span class='ocrx_word' id='word_1_98' title='bbox 129 1572 228 1639; x_wconf 85' lang='lat' dir='ltr'>Sic</span> <span class='ocrx_word' id='word_1_99' title='bbox 277 1575 457 1639; x_wconf 89' lang='lat' dir='ltr'>mitis</span> <span class='ocrx_word' id='word_1_100' title='bbox 504 1574 784 1660; x_wconf 88' lang='lat' dir='ltr'>uultum,</span> <span class='ocrx_word' id='word_1_101' title='bbox 828 1573 1032 1639; x_wconf 91' lang='lat' dir='ltr'>ueluti</span> <span class='ocrx_word' id='word_1_102' title='bbox 1078 1574 1156 1637; x_wconf 91' lang='lat' dir='ltr'>de</span> <span class='ocrx_word' id='word_1_103' title='bbox 1200 1577 1461 1658; x_wconf 87' lang='lat' dir='ltr'>pectore</span> <span class='ocrx_word' id='word_1_104' title='bbox 1508 1575 1817 1661; x_wconf 89' lang='lat' dir='ltr'>gaudens,</span> <span class='ocrx_word' id='word_1_105' title='bbox 2198 1595 2266 1644; x_wconf 92' lang='grc'>55</span> 
     </span>
     <span class='ocr_line' id='line_1_17' title="bbox 125 1662 1888 1731; baseline 0.002 -4"><span class='ocrx_word' id='word_1_106' title='bbox 125 1662 445 1729; x_wconf 83' lang='lat' dir='ltr'>Hortatur</span> <span class='ocrx_word' id='word_1_107' title='bbox 489 1685 766 1729; x_wconf 90' lang='lat' dir='ltr'>mensas.</span> <span class='ocrx_word' id='word_1_108' title='bbox 838 1666 1021 1727; x_wconf 89' lang='lat' dir='ltr'>tenet</span> <span class='ocrx_word' id='word_1_109' title='bbox 1063 1663 1223 1727; x_wconf 87' lang='lat' dir='ltr'>haec</span> <span class='ocrx_word' id='word_1_110' title='bbox 1270 1665 1624 1729; x_wconf 86' lang='lat' dir='ltr'>marcentia</span> <span class='ocrx_word' id='word_1_111' title='bbox 1669 1664 1888 1731; x_wconf 86' lang='lat' dir='ltr'>fratris</span> 
     </span>
    </p>

    <p class='ocr_par' dir='ltr' id='par_1_12' title="bbox 124 1751 2167 1927">
     <span class='ocr_line' id='line_1_18' title="bbox 124 1751 2167 1841; baseline 0.003 -26"><span class='ocrx_word' id='word_1_112' title='bbox 124 1751 382 1838; x_wconf 89' lang='lat' dir='ltr'>Pocula,</span> <span class='ocrx_word' id='word_1_113' title='bbox 430 1756 497 1817; x_wconf 89' lang='lat' dir='ltr'>at</span> <span class='ocrx_word' id='word_1_114' title='bbox 541 1751 702 1817; x_wconf 87' lang='lat' dir='ltr'>haec</span> <span class='ocrx_word' id='word_1_115' title='bbox 748 1774 983 1818; x_wconf 85' lang='lat' dir='ltr'>saeuae</span> <span class='ocrx_word' id='word_1_116' title='bbox 1028 1753 1328 1816; x_wconf 91' lang='lat' dir='ltr'>meminit</span> <span class='ocrx_word' id='word_1_117' title='bbox 1370 1774 1601 1817; x_wconf 89' lang='lat' dir='ltr'>manus</span> <span class='ocrx_word' id='word_1_118' title='bbox 1650 1775 1880 1838; x_wconf 87' lang='lat' dir='ltr'>aspera</span> <span class='ocrx_word' id='word_1_119' title='bbox 1924 1751 2167 1841; x_wconf 83' lang='lat' dir='ltr'>caedis3</span> 
     </span>
     <span class='ocr_line' id='line_1_19' title="bbox 126 1838 1790 1927; baseline 0.001 -21"><span class='ocrx_word' id='word_1_120' title='bbox 126 1838 420 1907; x_wconf 82' lang='lat' dir='ltr'>Sustinet</span> <span class='ocrx_word' id='word_1_121' title='bbox 469 1841 792 1906; x_wconf 84' lang='lat' dir='ltr'>excultum</span> <span class='ocrx_word' id='word_1_122' title='bbox 838 1840 1165 1907; x_wconf 88' lang='lat' dir='ltr'>Nemeaeo</span> <span class='ocrx_word' id='word_1_123' title='bbox 1212 1842 1500 1927; x_wconf 91' lang='lat' dir='ltr'>tegmine</span> <span class='ocrx_word' id='word_1_124' title='bbox 1548 1864 1790 1907; x_wconf 84' lang='lat' dir='ltr'>saxum.</span> 
     </span>
    </p>

    <p class='ocr_par' dir='ltr' id='par_1_13' title="bbox 120 1928 1845 2016">
     <span class='ocr_line' id='line_1_20' title="bbox 120 1928 1845 2016; baseline 0.002 -22"><span class='ocrx_word' id='word_1_125' title='bbox 120 1928 341 2016; x_wconf 90' lang='lat' dir='ltr'>Digna</span> <span class='ocrx_word' id='word_1_126' title='bbox 388 1931 568 2015; x_wconf 91' lang='lat' dir='ltr'>operi</span> <span class='ocrx_word' id='word_1_127' title='bbox 612 1930 879 1995; x_wconf 89' lang='lat' dir='ltr'>fortuna</span> <span class='ocrx_word' id='word_1_128' title='bbox 925 1951 1126 1995; x_wconf 92' lang='lat' dir='ltr'>sacr0.</span> <span class='ocrx_word' id='word_1_129' title='bbox 1210 1929 1508 1995; x_wconf 88' lang='lat' dir='ltr'>Pellaeus</span> <span class='ocrx_word' id='word_1_130' title='bbox 1554 1930 1845 1997; x_wconf 89' lang='lat' dir='ltr'>habebat</span> 
     </span>
    </p>

    <p class='ocr_par' dir='ltr' id='par_1_14' title="bbox 116 2018 2262 2551">
     <span class='ocr_line' id='line_1_21' title="bbox 119 2018 2262 2106; baseline 0.001 -22"><span class='ocrx_word' id='word_1_131' title='bbox 119 2018 454 2106; x_wconf 85' lang='lat' dir='ltr'>Regnator</span> <span class='ocrx_word' id='word_1_132' title='bbox 496 2019 685 2085; x_wconf 90' lang='lat' dir='ltr'>laetis</span> <span class='ocrx_word' id='word_1_133' title='bbox 731 2041 977 2084; x_wconf 92' lang='lat' dir='ltr'>numen</span> <span class='ocrx_word' id='word_1_134' title='bbox 1020 2019 1392 2084; x_wconf 89' lang='lat' dir='ltr'>uenerabile</span> <span class='ocrx_word' id='word_1_135' title='bbox 1437 2020 1676 2085; x_wconf 90' lang='lat' dir='ltr'>mensis</span> <span class='ocrx_word' id='word_1_136' title='bbox 2195 2038 2262 2087; x_wconf 81' lang='lat'>60</span> 
     </span>
     <span class='ocr_line' id='line_1_22' title="bbox 119 2107 1858 2195; baseline 0.001 -22"><span class='ocrx_word' id='word_1_137' title='bbox 119 2107 208 2173; x_wconf 76' lang='lat' dir='ltr'>Et</span> <span class='ocrx_word' id='word_1_138' title='bbox 253 2109 558 2174; x_wconf 91' lang='lat' dir='ltr'>comitem</span> <span class='ocrx_word' id='word_1_139' title='bbox 606 2129 873 2175; x_wconf 85' lang='lat' dir='ltr'>occasus</span> <span class='ocrx_word' id='word_1_140' title='bbox 922 2130 1140 2173; x_wconf 91' lang='lat' dir='ltr'>secum</span> <span class='ocrx_word' id='word_1_141' title='bbox 1184 2108 1493 2192; x_wconf 86' lang='lat' dir='ltr'>portabat</span> <span class='ocrx_word' id='word_1_142' title='bbox 1537 2112 1604 2173; x_wconf 91' lang='lat' dir='ltr'>et</span> <span class='ocrx_word' id='word_1_143' title='bbox 1650 2113 1858 2195; x_wconf 84' lang='lat' dir='ltr'>ortus,</span> 
     </span>
     <span class='ocr_line' id='line_1_23' title="bbox 119 2197 1971 2284; baseline 0 -21"><span class='ocrx_word' id='word_1_144' title='bbox 119 2197 615 2284; x_wconf 86' lang='lat' dir='ltr'>Prensabatque</span> <span class='ocrx_word' id='word_1_145' title='bbox 659 2197 871 2263; x_wconf 92' lang='lat' dir='ltr'>libens</span> <span class='ocrx_word' id='word_1_146' title='bbox 917 2198 1109 2263; x_wconf 91' lang='lat' dir='ltr'>modo</span> <span class='ocrx_word' id='word_1_147' title='bbox 1159 2219 1287 2282; x_wconf 87' lang='lat' dir='ltr'>qua</span> <span class='ocrx_word' id='word_1_148' title='bbox 1333 2198 1700 2264; x_wconf 86' lang='lat' dir='ltr'>diademata</span> <span class='ocrx_word' id='word_1_149' title='bbox 1747 2199 1971 2263; x_wconf 88' lang='lat' dir='ltr'>dextra</span> 
     </span>
     <span class='ocr_line' id='line_1_24' title="bbox 119 2286 1954 2372; baseline 0.001 -21"><span class='ocrx_word' id='word_1_150' title='bbox 119 2286 503 2352; x_wconf 83' lang='lat' dir='ltr'>Abstulerat</span> <span class='ocrx_word' id='word_1_151' title='bbox 547 2287 934 2372; x_wconf 86' lang='lat' dir='ltr'>dederatque</span> <span class='ocrx_word' id='word_1_152' title='bbox 981 2291 1048 2354; x_wconf 87' lang='lat' dir='ltr'>et</span> <span class='ocrx_word' id='word_1_153' title='bbox 1090 2308 1364 2372; x_wconf 88' lang='lat' dir='ltr'>magnas</span> <span class='ocrx_word' id='word_1_154' title='bbox 1411 2290 1696 2352; x_wconf 88' lang='lat' dir='ltr'>uerterat</span> <span class='ocrx_word' id='word_1_155' title='bbox 1740 2288 1954 2353; x_wconf 89' lang='lat' dir='ltr'>urbes.</span> 
     </span>
     <span class='ocr_line' id='line_1_25' title="bbox 119 2374 2086 2463; baseline 0.001 -22"><span class='ocrx_word' id='word_1_156' title='bbox 119 2374 386 2460; x_wconf 84' lang='lat' dir='ltr'>Semper</span> <span class='ocrx_word' id='word_1_157' title='bbox 433 2376 517 2441; x_wconf 87' lang='lat' dir='ltr'>ab</span> <span class='ocrx_word' id='word_1_158' title='bbox 561 2375 681 2442; x_wconf 93' lang='lat' dir='ltr'>hoc</span> <span class='ocrx_word' id='word_1_159' title='bbox 730 2376 979 2443; x_wconf 88' lang='lat' dir='ltr'>animos</span> <span class='ocrx_word' id='word_1_160' title='bbox 1026 2378 1097 2441; x_wconf 95' lang='lat' dir='ltr'>in</span> <span class='ocrx_word' id='word_1_161' title='bbox 1142 2377 1430 2441; x_wconf 89' lang='lat' dir='ltr'>crastina</span> <span class='ocrx_word' id='word_1_162' title='bbox 1474 2377 1649 2442; x_wconf 91' lang='lat' dir='ltr'>bella</span> <span class='ocrx_word' id='word_1_163' title='bbox 1694 2378 1976 2463; x_wconf 87' lang='lat' dir='ltr'>petebat,</span> <span class='ocrx_word' id='word_1_164' title='bbox 2083 2422 2086 2426; x_wconf 81' lang='lat'><strong>.</strong></span> 
     </span>
     <span class='ocr_line' id='line_1_26' title="bbox 116 2464 2260 2551; baseline 0.003 -22"><span class='ocrx_word' id='word_1_165' title='bbox 116 2464 289 2530; x_wconf 84' lang='lat' dir='ltr'>Huic</span> <span class='ocrx_word' id='word_1_166' title='bbox 335 2466 474 2530; x_wconf 90' lang='lat' dir='ltr'>acie</span> <span class='ocrx_word' id='word_1_167' title='bbox 522 2486 774 2551; x_wconf 91' lang='lat' dir='ltr'>semper</span> <span class='ocrx_word' id='word_1_168' title='bbox 818 2466 1029 2531; x_wconf 90' lang='lat' dir='ltr'>uictor</span> <span class='ocrx_word' id='word_1_169' title='bbox 1073 2466 1386 2530; x_wconf 87' lang='lat' dir='ltr'>narrabat</span> <span class='ocrx_word' id='word_1_170' title='bbox 1432 2466 1675 2550; x_wconf 87' lang='lat' dir='ltr'>opima,</span> <span class='ocrx_word' id='word_1_171' title='bbox 2193 2485 2260 2535; x_wconf 89' lang='grc'>65</span> 
     </span>
    </p>
   </div>
   <div class='ocr_carea' id='block_1_3' title="bbox 115 2643 547 2656">
    <p class='ocr_par' dir='ltr' id='par_1_15' title="bbox 115 2643 547 2656">
     <span class='ocr_line' id='line_1_27' title="bbox 115 2643 547 2656; baseline 0 0"><span class='ocrx_word' id='word_1_172' title='bbox 115 2643 547 2656; x_wconf 95' lang='lat' dir='ltr'> </span> 
     </span>
    </p>
   </div>
   <div class='ocr_carea' id='block_1_4' title="bbox 110 2746 2262 3533">
    <p class='ocr_par' dir='ltr' id='par_1_16' title="bbox 110 2746 2262 3533">
     <span class='ocr_line' id='line_1_28' title="bbox 255 2746 2260 2818; baseline 0.002 -17"><span class='ocrx_word' id='word_1_173' title='bbox 255 2753 326 2802; x_wconf 83' lang='grc'>43</span> <span class='ocrx_word' id='word_1_174' title='bbox 374 2747 424 2801; x_wconf 93' lang='grc' dir='ltr'><strong>Α</strong></span> <span class='ocrx_word' id='word_1_175' title='bbox 467 2748 669 2816; x_wconf 77' lang='lat' dir='ltr'>scripsi</span> <span class='ocrx_word' id='word_1_176' title='bbox 713 2748 749 2803; x_wconf 83' lang='lat' dir='ltr'>l.</span> <span class='ocrx_word' id='word_1_177' title='bbox 797 2747 832 2802; x_wconf 84' lang='lat' dir='ltr'>l.</span> <span class='ocrx_word' id='word_1_178' title='bbox 869 2764 933 2815; x_wconf 89' lang='lat' dir='ltr'>p.</span> <span class='ocrx_word' id='word_1_179' title='bbox 980 2751 1126 2803; x_wconf 80' lang='lat'><strong><em>260.-</em></strong></span> <span class='ocrx_word' id='word_1_180' title='bbox 1169 2746 1252 2800; x_wconf 88' lang='lat' dir='ltr'>Ac</span> <span class='ocrx_word' id='word_1_181' title='bbox 1298 2752 1335 2798; x_wconf 89' lang='grc'><strong>0</strong></span> <span class='ocrx_word' id='word_1_182' title='bbox 1372 2766 1407 2799; x_wconf 73' lang='lat' dir='ltr'>a</span> <span class='ocrx_word' id='word_1_183' title='bbox 1449 2747 1571 2803; x_wconf 89' lang='lat' dir='ltr'>Hoc</span> <span class='ocrx_word' id='word_1_184' title='bbox 1619 2749 1736 2804; x_wconf 78' lang='lat' dir='ltr'>edd.</span> <span class='ocrx_word' id='word_1_185' title='bbox 1785 2750 1793 2818; x_wconf 89' lang='grc' dir='ltr'>Ι</span> <span class='ocrx_word' id='word_1_186' title='bbox 1838 2748 2023 2818; x_wconf 88' lang='lat' dir='ltr'>spatio</span> <span class='ocrx_word' id='word_1_187' title='bbox 2061 2750 2260 2805; x_wconf 73' lang='lat' dir='ltr'>Doni..-</span> 
     </span>
     <span class='ocr_line' id='line_1_29' title="bbox 117 2817 2258 2889; baseline 0.003 -17"><span class='ocrx_word' id='word_1_188' title='bbox 117 2818 362 2889; x_wconf 84' lang='lat' dir='ltr'>spatium</span> <span class='ocrx_word' id='word_1_189' title='bbox 410 2823 445 2870; x_wconf 98' lang='grc'><strong>0</strong></span> <span class='ocrx_word' id='word_1_190' title='bbox 490 2838 525 2871; x_wconf 76' lang='lat' dir='ltr'>a</span> <span class='ocrx_word' id='word_1_191' title='bbox 568 2820 588 2887; x_wconf 76' lang='lat' dir='ltr'>ss</span> <span class='ocrx_word' id='word_1_192' title='bbox 632 2824 701 2872; x_wconf 87' lang='lat'>45</span> <span class='ocrx_word' id='word_1_193' title='bbox 750 2818 955 2873; x_wconf 88' lang='lat' dir='ltr'>cursim</span> <span class='ocrx_word' id='word_1_194' title='bbox 1000 2818 1226 2886; x_wconf 85' lang='lat' dir='ltr'>scripsi.-</span> <span class='ocrx_word' id='word_1_195' title='bbox 1274 2817 1419 2873; x_wconf 90' lang='lat' dir='ltr'>curis</span> <span class='ocrx_word' id='word_1_196' title='bbox 1467 2824 1502 2870; x_wconf 87' lang='grc'><strong>0</strong></span> <span class='ocrx_word' id='word_1_197' title='bbox 1549 2838 1584 2871; x_wconf 76' lang='lat' dir='ltr'>a</span> <span class='ocrx_word' id='word_1_198' title='bbox 1626 2822 1645 2889; x_wconf 79' lang='grc' dir='ltr'>ΙΙ</span> <span class='ocrx_word' id='word_1_199' title='bbox 1691 2826 1758 2874; x_wconf 83' lang='grc'>47</span> <span class='ocrx_word' id='word_1_200' title='bbox 1816 2820 2128 2877; x_wconf 80' lang='lat' dir='ltr'>thelchines</span> <span class='ocrx_word' id='word_1_201' title='bbox 2182 2826 2258 2878; x_wconf 84' lang='lat' dir='ltr'>A:</span> 
     </span>
     <span class='ocr_line' id='line_1_30' title="bbox 113 2888 2256 2959; baseline 0.002 -15"><span class='ocrx_word' id='word_1_202' title='bbox 113 2890 375 2946; x_wconf 81' lang='lat' dir='ltr'>thelimes</span> <span class='ocrx_word' id='word_1_203' title='bbox 411 2891 500 2944; x_wconf 77' lang='lat' dir='ltr'>uel</span> <span class='ocrx_word' id='word_1_204' title='bbox 533 2891 710 2945; x_wconf 85' lang='lat' dir='ltr'>simile</span> <span class='ocrx_word' id='word_1_205' title='bbox 746 2894 781 2941; x_wconf 98' lang='grc'><strong>0</strong></span> <span class='ocrx_word' id='word_1_206' title='bbox 808 2891 828 2959; x_wconf 87' lang='grc' dir='ltr'>ΙΙ</span> <span class='ocrx_word' id='word_1_207' title='bbox 855 2894 924 2943; x_wconf 88' lang='grc'>48</span> <span class='ocrx_word' id='word_1_208' title='bbox 964 2888 1182 2944; x_wconf 85' lang='lat' dir='ltr'>Siculus</span> <span class='ocrx_word' id='word_1_209' title='bbox 1216 2891 1416 2958; x_wconf 77' lang='lat' dir='ltr'>scripsi</span> <span class='ocrx_word' id='word_1_210' title='bbox 1453 2890 1486 2944; x_wconf 87' lang='lat' dir='ltr'>l.</span> <span class='ocrx_word' id='word_1_211' title='bbox 1527 2891 1591 2944; x_wconf 83' lang='lat' dir='ltr'><strong><em>l..·</em></strong></span> <span class='ocrx_word' id='word_1_212' title='bbox 1628 2889 1864 2946; x_wconf 90' lang='lat' dir='ltr'>stolidus</span> <span class='ocrx_word' id='word_1_213' title='bbox 1902 2896 1937 2943; x_wconf 98' lang='grc'><strong>0</strong></span> <span class='ocrx_word' id='word_1_214' title='bbox 1974 2911 2009 2944; x_wconf 76' lang='lat' dir='ltr'>a</span> <span class='ocrx_word' id='word_1_215' title='bbox 2045 2892 2256 2948; x_wconf 86' lang='lat' dir='ltr'>solidus</span> 
     </span>
     <span class='ocr_line' id='line_1_31' title="bbox 115 2960 2257 3030; baseline 0.001 -13"><span class='ocrx_word' id='word_1_216' title='bbox 115 2963 228 3017; x_wconf 80' lang='lat' dir='ltr'>edd.</span> <span class='ocrx_word' id='word_1_217' title='bbox 266 2960 491 3017; x_wconf 87' lang='lat' dir='ltr'>ualidus</span> <span class='ocrx_word' id='word_1_218' title='bbox 528 2960 797 3016; x_wconf 76' lang='lat' dir='ltr'>Handius</span> <span class='ocrx_word' id='word_1_219' title='bbox 822 2962 842 3030; x_wconf 90' lang='grc' dir='ltr'>ΙΙ</span> <span class='ocrx_word' id='word_1_220' title='bbox 870 2967 936 3016; x_wconf 83' lang='lat'>52</span> <span class='ocrx_word' id='word_1_221' title='bbox 974 2961 1089 3016; x_wconf 85' lang='lat' dir='ltr'>tale</span> <span class='ocrx_word' id='word_1_222' title='bbox 1164 2961 1257 3028; x_wconf 76' lang='lat' dir='ltr'>A*,</span> <span class='ocrx_word' id='word_1_223' title='bbox 1295 2961 1379 3016; x_wconf 85' lang='lat' dir='ltr'>ita</span> <span class='ocrx_word' id='word_1_224' title='bbox 1413 2961 1503 3016; x_wconf 76' lang='lat' dir='ltr'>uel</span> <span class='ocrx_word' id='word_1_225' title='bbox 1537 2962 1687 3017; x_wconf 84' lang='lat' dir='ltr'>talee</span> <span class='ocrx_word' id='word_1_226' title='bbox 1726 2967 1777 3030; x_wconf 90' lang='grc'>0,</span> <span class='ocrx_word' id='word_1_227' title='bbox 1816 2977 1956 3018; x_wconf 84' lang='lat' dir='ltr'>corr.</span> <span class='ocrx_word' id='word_1_228' title='bbox 1993 2963 2069 3018; x_wconf 90' lang='lat' dir='ltr'>H.</span> <span class='ocrx_word' id='word_1_229' title='bbox 2107 2963 2257 3019; x_wconf 87' lang='lat' dir='ltr'>Bar-</span> 
     </span>
     <span class='ocr_line' id='line_1_32' title="bbox 114 3032 2258 3105; baseline 0.002 -19"><span class='ocrx_word' id='word_1_230' title='bbox 114 3034 284 3089; x_wconf 76' lang='lat' dir='ltr'>barus</span> <span class='ocrx_word' id='word_1_231' title='bbox 316 3034 339 3103; x_wconf 72' lang='lat' dir='ltr'>fl</span> <span class='ocrx_word' id='word_1_232' title='bbox 374 3037 443 3087; x_wconf 83' lang='lat'>55</span> <span class='ocrx_word' id='word_1_233' title='bbox 479 3032 702 3088; x_wconf 86' lang='lat' dir='ltr'>uultum</span> <span class='ocrx_word' id='word_1_234' title='bbox 736 3034 965 3101; x_wconf 75' lang='lat' dir='ltr'>scripsi:</span> <span class='ocrx_word' id='word_1_235' title='bbox 1000 3033 1101 3087; x_wconf 89' lang='lat' dir='ltr'>uul</span> <span class='ocrx_word' id='word_1_236' title='bbox 1128 3038 1199 3087; x_wconf 66' lang='lat' dir='ltr'>us</span> <span class='ocrx_word' id='word_1_237' title='bbox 1231 3037 1267 3084; x_wconf 96' lang='grc'><strong>0</strong></span> <span class='ocrx_word' id='word_1_238' title='bbox 1295 3034 1354 3102; x_wconf 48' lang='grc' dir='ltr'>ἐι,</span> <span class='ocrx_word' id='word_1_239' title='bbox 1373 3032 1539 3087; x_wconf 86' lang='lat' dir='ltr'>uultu</span> <span class='ocrx_word' id='word_1_240' title='bbox 1573 3033 1844 3089; x_wconf 77' lang='lat' dir='ltr'>Handius</span> <span class='ocrx_word' id='word_1_241' title='bbox 1887 3036 1908 3105; x_wconf 83' lang='grc' dir='ltr'>ΙΙ</span> <span class='ocrx_word' id='word_1_242' title='bbox 1951 3039 2018 3089; x_wconf 80' lang='grc'>57</span> <span class='ocrx_word' id='word_1_243' title='bbox 2057 3036 2120 3090; x_wconf 88' lang='lat' dir='ltr'>at</span> <span class='ocrx_word' id='word_1_244' title='bbox 2153 3036 2258 3091; x_wconf 88' lang='lat' dir='ltr'>hec</span> 
     </span>
     <span class='ocr_line' id='line_1_33' title="bbox 111 3103 2261 3178; baseline 0.001 -21"><span class='ocrx_word' id='word_1_245' title='bbox 111 3110 154 3157; x_wconf 85' lang='lat' dir='ltr'>A</span> <span class='ocrx_word' id='word_1_246' title='bbox 189 3111 254 3159; x_wconf 80' lang='lat' dir='ltr'>c:</span> <span class='ocrx_word' id='word_1_247' title='bbox 295 3104 481 3159; x_wconf 83' lang='lat' dir='ltr'>adhuc</span> <span class='ocrx_word' id='word_1_248' title='bbox 515 3103 679 3160; x_wconf 85' lang='lat' dir='ltr'>Dom.</span> <span class='ocrx_word' id='word_1_249' title='bbox 721 3106 729 3172; x_wconf 89' lang='grc' dir='ltr'>Ι</span> <span class='ocrx_word' id='word_1_250' title='bbox 776 3120 906 3177; x_wconf 72' lang='lat' dir='ltr'>seue</span> <span class='ocrx_word' id='word_1_251' title='bbox 947 3110 1009 3158; x_wconf 70' lang='lat'>3:</span> <span class='ocrx_word' id='word_1_252' title='bbox 1046 3104 1174 3178; x_wconf 68' lang='lat' dir='ltr'>leue</span> <span class='ocrx_word' id='word_1_253' title='bbox 1211 3108 1257 3157; x_wconf 96' lang='lat' dir='ltr'>A</span> <span class='ocrx_word' id='word_1_254' title='bbox 1296 3108 1331 3155; x_wconf 97' lang='grc'><strong>0</strong></span> <span class='ocrx_word' id='word_1_255' title='bbox 1368 3104 1561 3159; x_wconf 83' lang='lat' dir='ltr'>clauae</span> <span class='ocrx_word' id='word_1_256' title='bbox 1601 3106 1812 3161; x_wconf 81' lang='lat' dir='ltr'>Markl.</span> <span class='ocrx_word' id='word_1_257' title='bbox 1847 3108 1855 3174; x_wconf 89' lang='grc' dir='ltr'>Ι</span> <span class='ocrx_word' id='word_1_258' title='bbox 1901 3104 2160 3161; x_wconf 81' lang='lat' dir='ltr'>meminit</span> <span class='ocrx_word' id='word_1_259' title='bbox 2197 3112 2261 3160; x_wconf 82' lang='lat' dir='ltr'>c:</span> 
     </span>
     <span class='ocr_line' id='line_1_34' title="bbox 110 3175 2262 3246; baseline 0.001 -16"><span class='ocrx_word' id='word_1_260' title='bbox 110 3176 317 3233; x_wconf 85' lang='lat' dir='ltr'>meruit</span> <span class='ocrx_word' id='word_1_261' title='bbox 354 3195 389 3228; x_wconf 79' lang='lat' dir='ltr'>a</span> <span class='ocrx_word' id='word_1_262' title='bbox 419 3179 428 3244; x_wconf 74' lang='grc' dir='ltr'>Ι</span> <span class='ocrx_word' id='word_1_263' title='bbox 462 3192 663 3245; x_wconf 88' lang='lat' dir='ltr'>aspera</span> <span class='ocrx_word' id='word_1_264' title='bbox 699 3180 734 3227; x_wconf 98' lang='grc'><strong>0</strong></span> <span class='ocrx_word' id='word_1_265' title='bbox 763 3193 822 3229; x_wconf 71' lang='grc' dir='ltr'>ιε</span> <span class='ocrx_word' id='word_1_266' title='bbox 860 3176 1040 3231; x_wconf 87' lang='lat' dir='ltr'>altera</span> <span class='ocrx_word' id='word_1_267' title='bbox 1073 3176 1232 3231; x_wconf 83' lang='lat' dir='ltr'>Dom.</span> <span class='ocrx_word' id='word_1_268' title='bbox 1271 3177 1279 3244; x_wconf 91' lang='grc'>1</span> <span class='ocrx_word' id='word_1_269' title='bbox 1313 3175 1462 3229; x_wconf 88' lang='lat' dir='ltr'>cedis</span> <span class='ocrx_word' id='word_1_270' title='bbox 1498 3179 1568 3229; x_wconf 88' lang='lat' dir='ltr'>A:</span> <span class='ocrx_word' id='word_1_271' title='bbox 1609 3176 1756 3232; x_wconf 85' lang='lat' dir='ltr'>sedis</span> <span class='ocrx_word' id='word_1_272' title='bbox 1795 3181 1830 3228; x_wconf 98' lang='grc'><strong>0</strong></span> <span class='ocrx_word' id='word_1_273' title='bbox 1867 3193 2066 3246; x_wconf 84' lang='lat' dir='ltr'>aspera</span> <span class='ocrx_word' id='word_1_274' title='bbox 2102 3178 2262 3233; x_wconf 87' lang='lat' dir='ltr'>sedes</span> 
     </span>
     <span class='ocr_line' id='line_1_35' title="bbox 110 3246 2262 3322; baseline 0 -21"><span class='ocrx_word' id='word_1_275' title='bbox 110 3248 353 3304; x_wconf 86' lang='lat' dir='ltr'>sustinet</span> <span class='ocrx_word' id='word_1_276' title='bbox 392 3248 604 3303; x_wconf 85' lang='lat' dir='ltr'>Markl.</span> <span class='ocrx_word' id='word_1_277' title='bbox 633 3248 653 3317; x_wconf 75' lang='lat' dir='ltr'>fl</span> <span class='ocrx_word' id='word_1_278' title='bbox 681 3251 748 3301; x_wconf 79' lang='lat'>58</span> <span class='ocrx_word' id='word_1_279' title='bbox 778 3247 1060 3302; x_wconf 85' lang='lat' dir='ltr'>excultum</span> <span class='ocrx_word' id='word_1_280' title='bbox 1096 3249 1322 3317; x_wconf 78' lang='lat' dir='ltr'>scripsi:</span> <span class='ocrx_word' id='word_1_281' title='bbox 1359 3248 1419 3301; x_wconf 86' lang='lat' dir='ltr'>et</span> <span class='ocrx_word' id='word_1_282' title='bbox 1454 3246 1667 3302; x_wconf 85' lang='lat' dir='ltr'>cultum</span> <span class='ocrx_word' id='word_1_283' title='bbox 1704 3252 1750 3301; x_wconf 97' lang='lat' dir='ltr'>A</span> <span class='ocrx_word' id='word_1_284' title='bbox 1779 3253 1814 3300; x_wconf 97' lang='grc'><strong>0</strong></span> <span class='ocrx_word' id='word_1_285' title='bbox 1852 3248 2135 3304; x_wconf 91' lang='lat' dir='ltr'>occultum</span> <span class='ocrx_word' id='word_1_286' title='bbox 2172 3249 2262 3322; x_wconf 50' lang='lat' dir='ltr'>al!</span> 
     </span>
     <span class='ocr_line' id='line_1_36' title="bbox 111 3318 2259 3389; baseline -0 -15"><span class='ocrx_word' id='word_1_287' title='bbox 111 3325 174 3374; x_wconf 86' lang='grc'>62</span> <span class='ocrx_word' id='word_1_288' title='bbox 225 3319 305 3374; x_wconf 89' lang='lat' dir='ltr'>Pr</span> <span class='ocrx_word' id='word_1_289' title='bbox 343 3320 645 3387; x_wconf 60' lang='lat' dir='ltr'>stabamue</span> <span class='ocrx_word' id='word_1_290' title='bbox 684 3322 730 3371; x_wconf 96' lang='lat' dir='ltr'>A</span> <span class='ocrx_word' id='word_1_291' title='bbox 768 3323 820 3387; x_wconf 88' lang='grc'>0,</span> <span class='ocrx_word' id='word_1_292' title='bbox 872 3334 1008 3374; x_wconf 86' lang='lat' dir='ltr'>corr.</span> <span class='ocrx_word' id='word_1_293' title='bbox 1049 3319 1208 3374; x_wconf 86' lang='lat' dir='ltr'>Dom.</span> <span class='ocrx_word' id='word_1_294' title='bbox 1250 3320 1271 3389; x_wconf 80' lang='grc' dir='ltr'>ΙΙ</span> <span class='ocrx_word' id='word_1_295' title='bbox 1317 3323 1386 3373; x_wconf 88' lang='grc'>64</span> <span class='ocrx_word' id='word_1_296' title='bbox 1423 3318 1495 3373; x_wconf 88' lang='lat' dir='ltr'>ad</span> <span class='ocrx_word' id='word_1_297' title='bbox 1540 3318 1650 3375; x_wconf 91' lang='lat' dir='ltr'>hoc</span> <span class='ocrx_word' id='word_1_298' title='bbox 1687 3324 1722 3371; x_wconf 98' lang='grc'><strong>0</strong></span> <span class='ocrx_word' id='word_1_299' title='bbox 1759 3338 1794 3371; x_wconf 79' lang='lat' dir='ltr'>a</span> <span class='ocrx_word' id='word_1_300' title='bbox 1832 3321 1853 3389; x_wconf 85' lang='grc' dir='ltr'>ΙΙ</span> <span class='ocrx_word' id='word_1_301' title='bbox 1896 3324 1965 3374; x_wconf 81' lang='grc'>65</span> <span class='ocrx_word' id='word_1_302' title='bbox 2002 3319 2149 3375; x_wconf 92' lang='lat' dir='ltr'>Huic</span> <span class='ocrx_word' id='word_1_303' title='bbox 2195 3324 2259 3389; x_wconf 89' lang='lat' dir='ltr'>A,</span> 
     </span>
     <span class='ocr_line' id='line_1_37' title="bbox 112 3389 2262 3461; baseline 0 -16"><span class='ocrx_word' id='word_1_304' title='bbox 112 3396 171 3445; x_wconf 79' lang='lat' dir='ltr'>ut</span> <span class='ocrx_word' id='word_1_305' title='bbox 205 3393 275 3446; x_wconf 76' lang='lat' dir='ltr'>ui</span> <span class='ocrx_word' id='word_1_306' title='bbox 321 3433 353 3460; x_wconf 93' lang='lat'>.‚</span> <span class='ocrx_word' id='word_1_307' title='bbox 398 3395 464 3446; x_wconf 72' lang='grc' dir='ltr'>ςε</span> <span class='ocrx_word' id='word_1_308' title='bbox 509 3390 675 3446; x_wconf 89' lang='lat' dir='ltr'>Hunc</span> <span class='ocrx_word' id='word_1_309' title='bbox 710 3390 799 3445; x_wconf 80' lang='lat' dir='ltr'>uel</span> <span class='ocrx_word' id='word_1_310' title='bbox 834 3389 980 3445; x_wconf 88' lang='lat' dir='ltr'>Hinc</span> <span class='ocrx_word' id='word_1_311' title='bbox 1018 3395 1053 3442; x_wconf 98' lang='grc'><strong>0</strong></span> <span class='ocrx_word' id='word_1_312' title='bbox 1098 3394 1107 3458; x_wconf 75' lang='grc' dir='ltr'>Ι</span> <span class='ocrx_word' id='word_1_313' title='bbox 1158 3391 1279 3445; x_wconf 89' lang='lat' dir='ltr'>acie</span> <span class='ocrx_word' id='word_1_314' title='bbox 1316 3395 1377 3457; x_wconf 91' lang='lat' dir='ltr'>A,</span> <span class='ocrx_word' id='word_1_315' title='bbox 1424 3394 1488 3443; x_wconf 79' lang='lat' dir='ltr'>ut</span> <span class='ocrx_word' id='word_1_316' title='bbox 1521 3391 1667 3446; x_wconf 74' lang='lat' dir='ltr'>uid„-</span> <span class='ocrx_word' id='word_1_317' title='bbox 1713 3390 1860 3445; x_wconf 88' lang='lat' dir='ltr'>acies</span> <span class='ocrx_word' id='word_1_318' title='bbox 1900 3395 1935 3442; x_wconf 98' lang='grc'><strong>0</strong></span> <span class='ocrx_word' id='word_1_319' title='bbox 1985 3391 1995 3459; x_wconf 88' lang='grc' dir='ltr'>Ι</span> <span class='ocrx_word' id='word_1_320' title='bbox 2043 3408 2262 3461; x_wconf 88' lang='lat' dir='ltr'>semper</span> 
     </span>
     <span class='ocr_line' id='line_1_38' title="bbox 110 3461 2258 3533; baseline 0 -16"><span class='ocrx_word' id='word_1_321' title='bbox 110 3462 294 3519; x_wconf 87' lang='lat' dir='ltr'>uictor</span> <span class='ocrx_word' id='word_1_322' title='bbox 334 3467 383 3515; x_wconf 92' lang='lat' dir='ltr'>A</span> <span class='ocrx_word' id='word_1_323' title='bbox 424 3467 489 3515; x_wconf 83' lang='lat' dir='ltr'>c:</span> <span class='ocrx_word' id='word_1_324' title='bbox 526 3461 747 3517; x_wconf 52' lang='lat' dir='ltr'>immerso</span> <span class='ocrx_word' id='word_1_325' title='bbox 784 3463 977 3517; x_wconf 69' lang='lat' dir='ltr'>ordiris</span> <span class='ocrx_word' id='word_1_326' title='bbox 1013 3463 1131 3519; x_wconf 82' lang='lat' dir='ltr'>edd.</span> <span class='ocrx_word' id='word_1_327' title='bbox 1166 3463 1175 3532; x_wconf 83' lang='grc' dir='ltr'>Ι</span> <span class='ocrx_word' id='word_1_328' title='bbox 1215 3462 1405 3531; x_wconf 87' lang='lat' dir='ltr'>opima</span> <span class='ocrx_word' id='word_1_329' title='bbox 1440 3461 1665 3530; x_wconf 84' lang='lat' dir='ltr'>scripsi:</span> <span class='ocrx_word' id='word_1_330' title='bbox 1713 3462 1930 3533; x_wconf 86' lang='lat' dir='ltr'>opimas</span> <span class='ocrx_word' id='word_1_331' title='bbox 1966 3468 2003 3514; x_wconf 89' lang='grc'><strong>0</strong></span> <span class='ocrx_word' id='word_1_332' title='bbox 2040 3481 2075 3514; x_wconf 73' lang='lat' dir='ltr'>a</span> <span class='ocrx_word' id='word_1_333' title='bbox 2110 3462 2258 3517; x_wconf 86' lang='lat' dir='ltr'>acies</span> 
     </span>
    </p>
   </div>
   <div class='ocr_carea' id='block_1_5' title="bbox 1742 3550 1822 3604">
    <p class='ocr_par' dir='ltr' id='par_1_17' title="bbox 1742 3550 1822 3604">
     <span class='ocr_line' id='line_1_39' title="bbox 1742 3550 1822 3604; baseline 0 -19"><span class='ocrx_word' id='word_1_334' title='bbox 1742 3550 1822 3604; x_wconf 69' lang='lat'>8*</span> 
     </span>
    </p>
   </div>
  </div>
 </body>
</html>
