2517 3909
858 151 1232 209 SILUARUM
1270 153 1332 210 L.
1372 153 1467 225 IV,
1504 160 1553 209 4.
2147 152 2271 219 1οΊ

1147 385 1264 452 IV.

454 507 819 565 EPISTOLA
863 508 964 563 AD
1011 506 1423 564 UICTORIUM
1473 509 1948 566 MARCELLUM.

128 636 335 704 Curre
381 658 501 721 per
543 634 871 701 Euboicos
918 656 1055 700 non
1092 636 1333 722 segnis,
1378 636 1675 721 epistola,
1721 658 2004 722 campos,

127 725 272 792 Hac
310 725 612 812 ingressa
654 725 813 810 uias,
859 745 986 809 qua
1030 724 1270 791 nobilis
1314 724 1535 811 Appia
1580 727 1817 794 crescit

131 815 213 881 In
256 815 433 886 latus
481 818 549 879 et
590 814 817 879 molles
845 812 1110 879 solidus
1153 814 1395 899 premit
1440 835 1644 902 agger
1689 836 1940 881 arenas.

130 904 350 990 Atque
393 903 510 969 ubi
553 901 906 969 Romuleas
951 903 1142 968 uelox
1183 903 1631 988 penetraueris
1679 925 1877 990 arces,

129 992 462 1059 Continuo
510 992 765 1057 dextras
809 990 966 1057 flaui
1008 996 1157 1077 pete
1205 991 1557 1077 Thybridis
1604 1015 1771 1078 oras,
2235 1008 2269 1059 5

128 1081 344 1167 Lydia
390 1104 520 1168 qua
561 1082 820 1167 penitus
868 1084 1176 1167 stagnum
1218 1081 1455 1147 nauale
1502 1081 1801 1149 cohercet

127 1171 302 1257 Ripa
347 1171 858 1256 suburbanisque
895 1169 1134 1235 uadum
1178 1170 1578 1255 praetexitur
1621 1170 1848 1238 hortis,

128 1260 273 1326 Illic
320 1260 654 1347 egregium
700 1260 1037 1345 formaque
1085 1259 1448 1345 animisque
1493 1259 1744 1326 uidebis

127 1348 511 1420 Marcellum
557 1353 624 1415 et
668 1349 841 1414 celso
885 1348 1102 1434 praesi
1197 1369 1301 1415 em
1349 1349 1592 1415 uertice
1637 1370 1884 1416 nosces,

129 1438 254 1505 Cui
298 1439 582 1524 primum
628 1438 821 1504 solito
867 1438 1050 1524 uulgi
1138 1460 1173 1503 e
1218 1460 1399 1504 more
1447 1439 1745 1520 salutem,
2204 1456 2270 1505 ιο

128 1527 284 1594 Mox
329 1528 585 1593 inclusa
629 1525 838 1593 modis
884 1526 1045 1592 haec
1090 1526 1356 1593 reddere
1400 1528 1604 1593 uerba
1646 1531 2002 1594 memento:

134 1617 302 1683 ‘Iam
335 1622 548 1682 terras
592 1617 1049 1703 uolucremque
1092 1616 1319 1701 polum
1363 1616 1523 1704 fuga
1558 1617 1729 1683 ueris
1776 1617 2006 1703 aquosi

132 1705 345 1772 Laxat
389 1710 457 1772 et
498 1705 729 1771 Icariis
767 1705 1016 1770 caelum
1061 1705 1413 1771 latratibus
1459 1705 1618 1790 urit3

130 1794 356 1862 Ardua
400 1796 533 1860 iam
579 1794 815 1860 densae
859 1798 1197 1861 rarescunt
1241 1795 1496 1860 moenia
1541 1793 1808 1860 Romae.

130 1883 272 1951 Hos
315 1884 664 1950 Praeneste
712 1905 982 1969 sacrum,
1025 1904 1255 1950 nemus
1301 1883 1424 1949 hos
1470 1884 1743 1970 glaciale
1788 1881 2068 1967 Dianae,
2205 1898 2270 1948 15

131 1973 411 2060 Algidus
458 1976 572 2039 aut
613 1973 886 2039 horrens
933 1977 1046 2039 aut
1090 1969 1372 2039 Tuscula
1414 1973 1706 2059 protegit
1749 1972 2004 2057 umbra,

132 2063 391 2129 Tiburis
434 2062 507 2126 hi
550 2063 734 2129 lucos
778 2059 1163 2148 Anienaque
1207 2062 1461 2150 frigora
1506 2066 1791 2147 captant.

132 2151 223 2217 Te
270 2174 525 2238 quoque
571 2153 897 2218 clamosae
944 2174 1262 2237 quaenam
1308 2152 1509 2238 plaga
1553 2151 1772 2217 mitior
1815 2151 1962 2217 urbi

131 2240 518 2312 Subtrahit‘?
592 2241 885 2323 aestiuos,
916 2264 1045 2327 quo
1091 2241 1336 2327 decipis
1383 2263 1530 2307 aere
1577 2241 1791 2307 soles‘?

132 2330 300 2408 Quid
338 2334 498 2396 *tuus
547 2333 698 2397 ante
744 2331 976 2416 omnia
1019 2334 1134 2396 tua
1169 2352 1327 2396 cura
1369 2330 1730 2417 potissima,
1775 2329 2019 2413 Gallus,
2198 2345 2265 2395 20

130 2419 266 2487 Nec
310 2442 450 2485 non
493 2423 719 2486 noster
756 2442 940 2486 amor
986 2416 1282 2506 (dubium
1327 2442 1664 2487 morumne
1708 2418 2083 2506 probandus

130 2508 474 2596 Ingeniine
518 2506 740 2594 bonis)
788 2508 993 2575 Latiis
1040 2510 1321 2574 aestiuat
1364 2509 1436 2575 in
1486 2508 1663 2576 oris?

131 2599 324 2664 Anne
371 2598 794 2664 metalliferae
839 2598 1076 2683 repetit
1120 2598 1252 2664 iam
1299 2598 1557 2665 moenia
1602 2598 1826 2664 Lunae

133 2686 635 2774 Tyrrhenasque
682 2686 954 2753 domos?
1002 2687 1173 2773 quod
1220 2688 1276 2753 si
1318 2687 1444 2752 tibi
1488 2687 1822 2773 proximus
1867 2687 2109 2772 haeret,

130 2775 282 2843 Non
328 2798 453 2863 ego
499 2798 674 2842 nunc
708 2779 928 2843 uestro
972 2777 1198 2862 procul
1244 2799 1286 2842 a
1322 2797 1620 2843 sermone
1665 2776 1921 2862 reced03
2201 2792 2270 2842 25

133 2864 399 2932 Certum
444 2869 567 2951 est,
611 2866 760 2968 inde
807 2888 1008 2932 sonus
1054 2866 1350 2952 geminas
1396 2865 1557 2932 mihi
1602 2866 1830 2932 circuit
1873 2888 2081 2932 aures,

132 2953 255 3021 Sed
299 2958 395 3041 tu,
440 2955 595 3021 dum
638 2955 840 3021 nimio
886 2978 1189 3041 possessa
1231 2954 1612 3040 Hyperione
1656 2955 1896 3042 flagrat

157 3261 165 3268 ’
272 3273 369 3331 IV.
411 3273 1094 3331 Tituzmnsichabenta
1131 3275 1274 3344 cns
1311 3272 1435 3328 Illic
1475 3278 1512 3330 ς
1550 3291 1608 3328 ι.
1646 3273 1749 3328 1110
1787 3279 1823 3326 0
1876 3275 1992 3342 1110
2030 3270 2272 3342 primam

128 3351 165 3398 c
199 3364 255 3413 a,
292 3361 434 3401 corr.
475 3350 511 3401 ς
538 3348 560 3416 ΙΙ
589 3352 654 3401 13
691 3345 993 3402 latratibus
1030 3350 1066 3401 ς
1103 3363 1162 3400 a:
1200 3344 1541 3401 latrantibus
1577 3350 1613 3397 c
1626 3347 1659 3428 ΙΙ
1689 3350 1754 3399 17
1783 3343 2093 3426 anienaque
2133 3346 2168 3397 ς
2207 3361 2267 3397 a:

125 3432 448 3487 amenaque
485 3419 567 3489 cu
596 3423 662 3474 18
700 3419 890 3473 malim
926 3434 1059 3473 num
1096 3434 1242 3487 quae
1270 3418 1385 3487 1122
1424 3415 1712 3487 Ingeniine
1747 3413 2146 3484 A21ngeniiue
2184 3419 2219 3465 c
