2517 3909
798 162 1200 214 mammos
1241 165 1382 215 Lm.
1425 165 1531 214 111.
1704 201 1709 208 .
2080 155 2160 217 67
2186 147 2197 158 ”

181 317 493 398 Obicibus,
534 329 813 382 resonant
853 321 1144 401 permixto
1190 321 1420 386 turbine
1464 330 1641 398 tecta,

168 404 364 483 Arva,
412 415 699 483 armenta,
744 407 888 484 viri,
935 405 1127 468 donec
1168 408 1329 468 stetit
1366 406 1649 486 inprobus
1686 406 1804 468 alto
2060 414 2163 471 675

170 487 343 550 Colle
381 491 572 550 minor
606 507 935 571 magnoque
980 493 1196 574 invenit
1237 493 1296 551 in
1332 510 1555 570 aggere
1602 492 1779 572 ripas.

163 574 329 636 Haec
365 576 589 636 alterna
633 577 840 637 dueum
876 592 994 637 nox
1030 576 1312 640 interfusa
1355 576 1601 637 diremit.

291 660 370 720 At
411 661 657 738 gemitus
699 659 881 739 Argia
919 661 1030 722 viri
1068 679 1184 721 non
1228 662 1476 741 amplius
1520 678 1714 740 aequo
1796 687 1801 692 ,

166 743 373 824 Corde
408 745 608 805 ferens
651 747 991 825 sociumque
1034 748 1221 808 animo
1266 747 1538 807 miserata
1578 746 1868 820 delorem,

160 830 327 889 Sicut
372 839 496 890 erat
537 829 761 909 pridem
803 830 1020 891 laceris
1060 831 1290 892 turbata
1326 830 1555 910 capillis
2060 838 2162 892 680

160 912 239 974 Et
283 912 421 975 fletu
463 915 689 993 signata
730 933 951 994 genas,
998 916 1070 977 ad
1115 916 1279 977 celsa
1321 915 1564 976 verendi
1632 939 1635 946 ·

157 996 291 1058 Ibat
333 1008 489 1060 tecta
535 1001 752 1079 patriS,
795 1018 1152 1080 parvumque
1196 1000 1304 1061 sub
1346 1000 1530 1061 ubere
1574 1018 1712 1062 caro

160 1082 588 1144 Thessandrum
625 1084 898 1163 portabat
942 1102 1054 1145 avo
1096 1087 1208 1146 iam
1242 1087 1419 1146 nocte
1458 1103 1728 1164 suprema

160 1167 318 1229 Ante
364 1184 551 1229 novos
592 1179 785 1246 ortus,
831 1168 927 1229 ubi
972 1170 1101 1231 sola
1146 1172 1460 1251 superstite
1505 1171 1765 1251 plaustro
2160 1216 2177 1232 ,

163 1253 383 1314 Arctos
428 1253 500 1314 ad
545 1270 822 1314 oceanum
866 1254 1222 1332 fugientibus
1261 1255 1481 1315 invidet
1523 1255 1711 1315 astris.
2060 1262 2163 1317 685

291 1337 484 1417 thue
545 1339 705 1399 fores
744 1339 864 1399 iniit
905 1357 1233 1419 magnoque
1278 1340 1460 1400 affusa
1499 1339 1725 1418 parenti
1767 1347 1884 1399 est:

162 1421 328 1483 ‘Cur
372 1432 467 1483 tua
513 1442 641 1484 cum
683 1422 935 1484 lacrimis
973 1434 1201 1485 moesto
1242 1425 1368 1484 sine
1415 1424 1665 1502 coniuge
1708 1423 1961 1503 supplex

163 1507 384 1568 Limina
428 1518 601 1569 nocte
651 1517 875 1588 petam,
918 1527 1147 1570 cessem
1189 1510 1332 1570 licet
1373 1510 1500 1588 ipsa
1547 1507 1787 1588 profari,

159 1593 298 1652 Scis
340 1594 590 1669 genitor.
682 1593 803 1654 Sed
843 1594 967 1655 iura
1012 1594 1180 1654 deum
1222 1593 1500 1671 genitalia
1550 1601 1754 1668 testor,

158 1676 368 1755 Teque
406 1686 606 1756 pater,
645 1694 759 1737 non
804 1678 904 1737 ille
947 1677 1139 1753 iubet,
1184 1678 1293 1738 sed
1338 1677 1589 1757 pervigil
1633 1695 1836 1754 angor,
2057 1687 2163 1743 690

154 1760 254 1821 Ex
301 1776 414 1840 quo
460 1763 675 1841 primus
718 1760 942 1837 Hymen
985 1764 1281 1841 movitque
1328 1761 1575 1821 infausta
1622 1762 1909 1821 sinistram

155 1845 304 1907 Iuno
345 1844 566 1924 facem,
611 1857 848 1926 semper
891 1847 1143 1907 lacrimis
1186 1848 1522 1924 gemituque
1560 1846 1888 1925 propinquo

154 1928 479 1990 Exturhata
519 1932 705 2010 quies.
793 1930 925 1991 Non
971 1933 1019 1992 si
1059 1931 1194 1991 mihi
1235 1931 1461 2010 tigridis
1497 1929 1707 1989 horror

156 2014 633 2096 Aequoreaeque
677 2035 854 2096 super
890 2018 1120 2097 rigeant
1164 2014 1513 2096 praecordia
1559 2022 1783 2090 cautes,

154 2099 344 2160 Ferre
392 2119 628 2180 queam:
672 2111 731 2162 tu
771 2102 932 2162 solus
972 2120 1177 2181 opem,
1222 2110 1282 2161 tu
1324 2118 1539 2162 summa
1574 2098 1841 2159 medendi
2053 2106 2158 2162 695

153 2184 291 2245 Iura
332 2194 530 2256 tenes;
575 2185 645 2246 da
689 2185 877 2264 bella,
925 2196 1125 2266 pater,
1170 2186 1495 2265 generique
1535 2186 1778 2245 iacentis

156 2268 426 2347 Adspice
457 2288 557 2330 res
585 2270 865 2348 humileS,
902 2281 1077 2350 atque
1109 2271 1291 2348 hauc,
1331 2280 1529 2351 pater,
1563 2269 1805 2348 adspice
1836 2265 2062 2346 prolem

157 2351 403 2423 Exulis;
448 2352 581 2415 huic
625 2355 761 2415 olim
805 2358 1044 2432 generis
1085 2355 1293 2435 pudor.
1386 2353 1432 2414 Ο
1479 2353 1577 2414 ubi
1622 2355 1804 2433 prima

156 2436 430 2516 Hospitia
466 2448 523 2498 et
567 2439 797 2500 iunctae
839 2449 1052 2500 testato
1099 2442 1327 2500 numine
1364 2437 1637 2499 dextrae!

293 2520 400 2582 Hic
434 2533 594 2583 certe
627 2533 737 2602 est,
774 2543 944 2603 quem
975 2525 1091 2585 fata
1120 2523 1354 2600 dabant,
1389 2541 1559 2602 quem
1591 2520 1993 2600 dixitApollo.
2057 2527 2161 2585 700

157 2605 295 2666 Non
341 2618 575 2685 egomet
617 2610 829 2669 taeitos
869 2610 1121 2669 Veneris
1164 2609 1352 2668 furata
1398 2607 1630 2667 calores

157 2689 543 2770 Culpatamve
586 2692 809 2772 facem,
852 2702 949 2754 tua
993 2695 1148 2754 iussa
1193 2691 1450 2752 verenda
1494 2701 1746 2770 tuosque

152 2774 359 2836 Dilexi
401 2779 676 2848 monitus;
719 2797 870 2838 nune
916 2796 1028 2858 qua
1073 2777 1304 2838 feritate
1350 2777 1601 2838 dolentis

152 2858 498 2939 Despiciam
541 2859 823 2943 questus?
865 2864 1092 2940 nescis,
1131 2871 1300 2941 pater
1345 2863 1593 2941 optime,
1632 2861 1851 2937 nescis,

157 2943 422 3017 Quantus
468 2964 630 3007 amor
676 2965 889 3009 causae
935 2948 1149 3007 misero
1194 2948 1465 3027 nupsisse
1495 2947 1721 3006 marito.
2054 2950 2155 3007 705

153 3026 235 3089 Et
275 3048 424 3090 nunc
468 3040 693 3092 moesta
739 3032 969 3113 quidem
1012 3050 1194 3110 grave
1240 3041 1300 3092 et
1336 3031 1668 3092 inlaetabile
1711 3048 1911 3090 munus

154 3111 236 3173 Ut
278 3115 507 3176 timeam
555 3116 934 3196 doleamque,
981 3133 1150 3195 rogo.
1216 3116 1336 3177 Sed
1367 3134 1539 3196 quum
1571 3114 1774 3176 oscula
1804 3121 2029 3193 rumpet

155 3196 388 3261 Moesta
433 3201 596 3279 dies,
644 3220 816 3281 quum
851 3219 1027 3263 rauca
1069 3200 1282 3262 dabunt
1325 3200 1665 3262 abeuntibus
1710 3200 1880 3259 armis

156 3282 341 3359 Signa
382 3284 554 3347 tubae
602 3303 900 3365 saevoque
950 3304 1133 3366 genas
1175 3285 1474 3363 fulgebitis
1514 3302 1678 3361 auro,

148 3364 265 3427 Hei
305 3370 474 3431 mihi!
547 3389 684 3432 care
727 3387 972 3450 parens,
1016 3373 1223 3432 iterum
1266 3370 1518 3431 fortasse
1556 3367 1829 3446 rogab0.'
2054 3375 2159 3431 710

288 3453 448 3532 Illius
492 3456 749 3520 humenti
791 3465 1250 3539 carpens·pater
1293 3455 1498 3517 oscula
1538 3453 1743 3597 νιιΙῐὲιξἰ
