2517 3909
818 120 1239 190 ‘musmos
1284 140 1427 190 ms.
1459 140 1556 191 nt.
2080 130 2190 192 191

326 296 501 358 Arma
544 296 757 359 decent
797 295 1108 374 humeros,
1156 297 1498 378 clipeusque
1538 296 1784 376 insignis
1826 309 1885 360 et
1927 314 2070 362 auro

195 382 449 443 Lucidus
490 380 717 443 Aoniae
760 382 1019 442 caelatur
1064 383 1292 460 origine
1330 385 1543 461 gentis.

198 467 434 528 Sidonis
476 467 573 528 hic
614 466 810 528 blandi
851 485 961 546 per
1005 467 1246 528 candida
1290 477 1459 545 terga
1497 467 1728 527 iuvenci

193 551 319 612 Iam
359 570 570 613 secura
608 552 816 628 maris,
866 553 1084 611 teneris
1130 553 1241 612 iam
1280 570 1496 613 cornua
1540 551 1747 630 palmis
2091 560 2195 617 335

195 635 333 696 Non
371 644 563 714 tenet,
610 637 886 696 extremis
930 637 1189 698 alludunt
1228 654 1488 717 aequora
1527 637 1760 717 plantis.

196 721 295 781 Ire
338 730 510 800 putes
554 720 752 800 clipeo
802 720 1127 800 fluctusque
1169 740 1381 783 secare
1423 723 1747 785 iuvencum.-

196 806 451 867 Adiuvat
492 804 643 866 unda
685 805 888 880 fidem,
943 807 1159 885 pelago
1207 825 1323 867 nec
1365 805 1627 867 discolor
1667 805 1867 866 amnis.

331 889 493 950 Tunc
536 889 723 951 audax
764 891 985 970 pariter
1022 890 1159 951 telis
1202 901 1260 952 et
1301 909 1454 952 voce
1498 898 1774 969 proterva

193 975 665 1055 Hippomedonta
709 975 884 1053 petit:
948 973 1119 1035 ‘Non
1160 974 1310 1037 haec
1350 975 1640 1037 foecunda
1677 990 1911 1034 veneno
2092 982 2199 1039 340

195 1059 418 1136 Lerna,
474 1077 585 1119 nec
620 1058 930 1119 Herculeis
973 1058 1213 1120 haustae
1257 1060 1626 1140 serpentibus
1655 1058 1871 1119 undae.

196 1146 445 1205 Sacrum
461 1158 713 1220 amnem,
748 1158 1009 1220 sacrum,
1034 1179 1118 1192 -·
1145 1155 1206 1205 et
1226 1146 1436 1223 miser,
1473 1144 1786 1223 experiere
1806 1177 1893 1190 —-·
1912 1143 2199 1222 deumque

196 1229 457 1290 Altrices
502 1229 778 1308 inrumpis
819 1232 1048 1306 aquas.’
1134 1229 1291 1290 Nihil
1334 1231 1471 1306 ille,
1517 1228 1623 1290 sed
1665 1227 1786 1288 ibat

199 1311 506 1380 Cominus:
553 1315 828 1392 opposuit
869 1312 1097 1373 cumulo
1141 1332 1209 1374 se
1253 1316 1493 1375 densior
1532 1313 1711 1374 amuis

199 1397 589 1478 Tardavitque
632 1414 886 1474 manum,
938 1399 1145 1458 vulnus
1187 1408 1379 1460 tamen
1419 1398 1520 1459 illa
1561 1405 1847 1458 retentum
2094 1408 2197 1462 345

193 1482 480 1560 Pertulit,
527 1492 701 1562 atque
745 1484 967 1544 animae
1012 1492 1133 1543 tota
1176 1484 1233 1543 in
1271 1483 1595 1563 penetralia
1637 1481 1807 1542 sedit.

193 1567 435 1629 Horruit
478 1567 629 1628 unda
671 1567 872 1644 nefas,
919 1567 1102 1628 silvae
1125 1567 1388 1628 flevistis
1432 1577 1736 1646 utraeque,

195 1651 274 1713 Et
319 1654 589 1730 graviora
632 1669 812 1713 cavae
857 1661 1172 1712 sonuerunt
1211 1671 1497 1713 murmura
1536 1653 1720 1730 ripae.

198 1736 445 1798 Ultimus
488 1737 589 1799 ille
632 1754 811 1797 sonus
854 1736 1193 1797 moribundo
1241 1739 1477 1796 emersit
1519 1735 1591 1795 ab
1634 1752 1762 1811 ore,

200 1821 485 1882 ‘Materl'
532 1825 589 1882 in
632 1820 779 1881 hanc
820 1823 1016 1881 miseri
1060 1821 1398 1883 cecideruut
1439 1820 1668 1881 flumina
1709 1836 1937 1879 vocem.
2095 1829 2200 1882 350

329 1906 408 1966 At
448 1907 719 1985 genetrix
761 1916 933 1966 coetu
974 1906 1309 1983 glaucarum
1353 1907 1540 1967 cincta
1583 1920 1847 1964 sororum

198 1991 469 2051 Protinus
506 1993 621 2051 icta
659 1991 848 2067 malo,
890 1991 1075 2052 vitrea
1120 1991 1194 2051 de
1235 1991 1394 2052 valle
1441 1990 1651 2050 solutis

199 2075 405 2137 Exiliit
443 2074 744 2135 furibunda
786 2076 999 2152 comiS,
1045 2094 1114 2135 ac
1154 2076 1408 2136 verbere
1454 2073 1665 2136 crebro

201 2160 439 2240 Oraque
488 2169 848 2240 pectoraque
894 2168 952 2220 et
992 2152 1445 2220 viridem‘scidit
1489 2157 1720 2219 horrida
1761 2166 2007 2217 vestem.

201 2245 397 2324 thue
438 2246 627 2325 erupit
668 2247 833 2323 aquis
876 2246 1198 2325 iterumque
1242 2246 1567 2324 iterumque
1612 2243 1877 2302 trementi
2095 2252 2198 2305 355

199 2330 523 2408 Ingeminat
565 2328 906 2390 ‘Crenaee’
953 2345 1135 2400 sono;
1186 2346 1467 2409 nusquam
1509 2328 1643 2403 ille,
1690 2326 1805 2386 sed·
1838 2326 2013 2386 index

199 2414 510 2493 Desuper,
555 2414 630 2475 ah
669 2416 920 2487 miserae
958 2416 1185 2474 nimium
1227 2414 1525 2474 noscenda
1565 2413 1791 2491 parenti
1904 2444 1909 2449 ·

200 2499 406 2560 Parma
447 2508 636 2569 natat;
679 2500 1003 2578 iacetipse
1047 2499 1288 2578 procul,
1334 2516 1447 2576 qua
1484 2499 1660 2557 mixta
1702 2512 2028 2575 supremum
2130 2516 2141 2535 ¹

199 2583 475 2645 Ismenon
516 2585 682 2663 primi
725 2592 941 2644 mutant
982 2584 1227 2643 confinia
1269 2583 1452 2662 ponti.

200 2667 599 2746 Fluctivagam
639 2669 726 2729 sic
767 2686 948 2748 saepe
994 2668 1221 2729 domum
1261 2667 1640 2746 madidosque
1677 2675 1918 2746 penates
2099 2677 2205 2734 360

201 2752 506 2830 Halcyone
552 2753 783 2815 deserta
826 2755 1038 2831 gemit,
1086 2770 1255 2832 quum
1305 2754 1550 2832 pignora
1595 2768 1804 2812 saevus

204 2838 426 2906 Auster
468 2848 527 2899 et
562 2838 828 2917 algentes
870 2839 1060 2916 rapuit
1103 2837 1304 2898 Thetis
1346 2837 1536 2898 invida
1578 2836 1766 2897 nidos.

336 2922 617 3001 Mergitur
659 2922 805 2982 orba
848 2923 1087 2999 iterum,
1131 2923 1478 3001 penitusque
1524 2922 1755 2983 occulta
1799 2921 1905 2983 sub
1948 2921 2112 2981 undis

204 3009 407 3069 Limite
450 3025 566 3068 non
608 3024 757 3083 uno,
804 3006 1080 3085 liquidum
1124 3025 1235 3087 qua
1279 3006 1480 3067 subter
1520 3008 1676 3067 eunti

207 3092 389 3154 Lucet
429 3094 571 3169 iter,
615 3092 810 3152 miseri
851 3092 1236 3172 nequicquam
1278 3092 1479 3152 funera
1518 3093 1636 3152 nati
2096 3100 2200 3154 365

203 3177 477 3256 Vestigat
515 3178 853 3258 plangitque
893 3185 1112 3244 tamen3
1163 3192 1345 3256 saepe
1387 3175 1654 3237 horridus
1693 3176 1875 3235 amnis

206 3261 445 3340 Obstat,
494 3271 552 3322 et
594 3262 848 3322 obducto
897 3262 1148 3339 caligant
1188 3262 1465 3339 sanguine
1507 3262 1688 3320 visus.

205 3345 312 3409 Illa
347 3356 540 3407 tamen
582 3362 874 3426 praeceps
915 3346 974 3405 in
1015 3346 1134 3407 tela
1178 3345 1418 3408 offendit
1459 3355 1519 3405 et
1565 3362 1761 3421 enses,

214 3432 630 3512 scrutaturque
672 3449 840 3494 mauu
880 3432 1084 3512 galeas
1125 3440 1186 3492 et
1231 3447 1416 3513 prona
1454 3429 1700 3491 reclinat
