<?xml version="1.0" encoding="UTF-8"?>
<!DOCTYPE html PUBLIC "-//W3C//DTD XHTML 1.0 Transitional//EN"
    "http://www.w3.org/TR/xhtml1/DTD/xhtml1-transitional.dtd">
<html xmlns="http://www.w3.org/1999/xhtml" xml:lang="en" lang="en">
 <head>
  <title>
</title>
<meta http-equiv="Content-Type" content="text/html;charset=utf-8" />
  <meta name='ocr-system' content='tesseract 3.04.00' />
  <meta name='ocr-capabilities' content='ocr_page ocr_carea ocr_par ocr_line ocrx_word'/>
</head>
<body>
  <div class='ocr_page' id='page_1' title='image "./ppapiniusstatiu00placgoog_0514.png"; bbox 0 0 2517 3909; ppageno 0'>
   <div class='ocr_carea' id='block_1_1' title="bbox 317 102 1656 166">
    <p class='ocr_par' dir='ltr' id='par_1_1' title="bbox 317 102 1656 166">
     <span class='ocr_line' id='line_1_1' title="bbox 317 102 1656 166; baseline 0.001 -3"><span class='ocrx_word' id='word_1_1' title='bbox 317 102 441 163; x_wconf 80' lang='lat'><strong>214</strong></span> <span class='ocrx_word' id='word_1_2' title='bbox 988 116 1052 164; x_wconf 82' lang='lat' dir='ltr'><strong>P.</strong></span> <span class='ocrx_word' id='word_1_3' title='bbox 1097 114 1366 164; x_wconf 69' lang='lat' dir='ltr'><strong>mrum</strong></span> <span class='ocrx_word' id='word_1_4' title='bbox 1409 115 1656 166; x_wconf 59' lang='lat' dir='ltr'><strong>sumn*</strong></span> 
     </span>
    </p>
   </div>
   <div class='ocr_carea' id='block_1_2' title="bbox 306 271 2465 3475">
    <p class='ocr_par' dir='ltr' id='par_1_2' title="bbox 306 271 2465 3475">
     <span class='ocr_line' id='line_1_2' title="bbox 320 271 1818 350; baseline -0.001 -16"><span class='ocrx_word' id='word_1_5' title='bbox 320 273 585 349; x_wconf 81' lang='lat' dir='ltr'><strong>Frontis,</strong></span> <span class='ocrx_word' id='word_1_6' title='bbox 636 278 695 332; x_wconf 93' lang='lat' dir='ltr'><strong>et</strong></span> <span class='ocrx_word' id='word_1_7' title='bbox 733 271 989 333; x_wconf 76' lang='lat' dir='ltr'><strong>oblatam</strong></span> <span class='ocrx_word' id='word_1_8' title='bbox 1030 271 1326 348; x_wconf 72' lang='lat' dir='ltr'><strong>Polynicis</strong></span> <span class='ocrx_word' id='word_1_9' title='bbox 1370 290 1608 333; x_wconf 83' lang='lat' dir='ltr'><strong>munere</strong></span> <span class='ocrx_word' id='word_1_10' title='bbox 1648 281 1818 350; x_wconf 83' lang='lat' dir='ltr'><strong>grato</strong></span> 
     </span>
     <span class='ocr_line' id='line_1_3' title="bbox 318 356 1901 436; baseline 0 -18"><span class='ocrx_word' id='word_1_11' title='bbox 318 358 582 418; x_wconf 80' lang='lat' dir='ltr'>Loricam</span> <span class='ocrx_word' id='word_1_12' title='bbox 622 357 969 436; x_wconf 65' lang='lat' dir='ltr'><strong>galeamque</strong></span> <span class='ocrx_word' id='word_1_13' title='bbox 1009 356 1191 426; x_wconf 62' lang='lat' dir='ltr'><strong>subin</strong></span> <span class='ocrx_word' id='word_1_14' title='bbox 1233 357 1396 417; x_wconf 86' lang='lat' dir='ltr'><strong>ferus</strong></span> <span class='ocrx_word' id='word_1_15' title='bbox 1434 357 1651 418; x_wconf 79' lang='lat' dir='ltr'><strong>Actora</strong></span> <span class='ocrx_word' id='word_1_16' title='bbox 1690 376 1901 436; x_wconf 76' lang='lat' dir='ltr'><strong>magno</strong></span> 
     </span>
     <span class='ocr_line' id='line_1_4' title="bbox 317 439 2153 521; baseline 0.001 -18"><span class='ocrx_word' id='word_1_17' title='bbox 317 442 478 504; x_wconf 83' lang='lat' dir='ltr'><strong>Ense</strong></span> <span class='ocrx_word' id='word_1_18' title='bbox 517 451 730 520; x_wconf 81' lang='lat' dir='ltr'><strong>gravat</strong></span> <span class='ocrx_word' id='word_1_19' title='bbox 763 439 1103 521; x_wconf 81' lang='lat' dir='ltr'><strong>Capaneus,</strong></span> <span class='ocrx_word' id='word_1_20' title='bbox 1153 443 1287 521; x_wconf 79' lang='lat' dir='ltr'><strong>ipse</strong></span> <span class='ocrx_word' id='word_1_21' title='bbox 1327 441 1478 503; x_wconf 65' lang='lat' dir='ltr'><strong>haud</strong></span> <span class='ocrx_word' id='word_1_22' title='bbox 1516 441 1780 520; x_wconf 74' lang='lat' dir='ltr'><strong>dignatus</strong></span> <span class='ocrx_word' id='word_1_23' title='bbox 1820 445 1879 503; x_wconf 82' lang='lat' dir='ltr'><strong>in</strong></span> <span class='ocrx_word' id='word_1_24' title='bbox 1923 441 2153 505; x_wconf 83' lang='lat' dir='ltr'><strong>hostem</strong></span> 
     </span>
     <span class='ocr_line' id='line_1_5' title="bbox 317 525 1902 606; baseline 0 -19"><span class='ocrx_word' id='word_1_25' title='bbox 317 525 413 588; x_wconf 86' lang='lat' dir='ltr'><strong>Ire</strong></span> <span class='ocrx_word' id='word_1_26' title='bbox 457 526 596 588; x_wconf 87' lang='lat' dir='ltr'><strong>dolo</strong></span> <span class='ocrx_word' id='word_1_27' title='bbox 639 543 1009 606; x_wconf 81' lang='lat' dir='ltr'><strong>superosque</strong></span> <span class='ocrx_word' id='word_1_28' title='bbox 1045 527 1243 605; x_wconf 83' lang='lat' dir='ltr'><strong>sequi;</strong></span> <span class='ocrx_word' id='word_1_29' title='bbox 1286 535 1574 605; x_wconf 81' lang='lat' dir='ltr'><strong>permutat</strong></span> <span class='ocrx_word' id='word_1_30' title='bbox 1610 526 1902 605; x_wconf 69' lang='lat' dir='ltr'><strong>Agylleus</strong></span> 
     </span>
     <span class='ocr_line' id='line_1_6' title="bbox 319 609 2331 691; baseline 0.001 -19"><span class='ocrx_word' id='word_1_31' title='bbox 319 612 499 672; x_wconf 87' lang='lat' dir='ltr'><strong>Arma</strong></span> <span class='ocrx_word' id='word_1_32' title='bbox 540 612 722 671; x_wconf 90' lang='lat' dir='ltr'><strong>trucis</strong></span> <span class='ocrx_word' id='word_1_33' title='bbox 762 609 982 671; x_wconf 74' lang='lat' dir='ltr'><strong>Nomii:</strong></span> <span class='ocrx_word' id='word_1_34' title='bbox 1040 610 1177 691; x_wconf 80' lang='lat' dir='ltr'><strong>quid</strong></span> <span class='ocrx_word' id='word_1_35' title='bbox 1221 612 1374 672; x_wconf 89' lang='lat' dir='ltr'><strong>enim</strong></span> <span class='ocrx_word' id='word_1_36' title='bbox 1406 611 1749 672; x_wconf 71' lang='lat' dir='ltr'><strong>fallentibus</strong></span> <span class='ocrx_word' id='word_1_37' title='bbox 1785 612 2003 674; x_wconf 56' lang='lat' dir='ltr'><strong>uim-is</strong></span> <span class='ocrx_word' id='word_1_38' title='bbox 2216 625 2331 681; x_wconf 72' lang='lat'><strong>260</strong></span> 
     </span>
     <span class='ocr_line' id='line_1_7' title="bbox 319 693 1863 773; baseline 0 -17"><span class='ocrx_word' id='word_1_39' title='bbox 319 696 543 771; x_wconf 77' lang='lat' dir='ltr'><strong>Arcus,</strong></span> <span class='ocrx_word' id='word_1_40' title='bbox 591 704 651 755; x_wconf 93' lang='lat' dir='ltr'><strong>et</strong></span> <span class='ocrx_word' id='word_1_41' title='bbox 692 694 1022 757; x_wconf 76' lang='lat' dir='ltr'>Herculeae</span> <span class='ocrx_word' id='word_1_42' title='bbox 1059 697 1342 756; x_wconf 75' lang='lat' dir='ltr'><strong>iuvissent</strong></span> <span class='ocrx_word' id='word_1_43' title='bbox 1378 694 1535 756; x_wconf 80' lang='lat' dir='ltr'><strong>bella</strong></span> <span class='ocrx_word' id='word_1_44' title='bbox 1572 693 1863 773; x_wconf 73' lang='lat' dir='ltr'><strong>sagittae?</strong></span> 
     </span>
     <span class='ocr_line' id='line_1_8' title="bbox 446 779 2075 861; baseline 0.001 -21"><span class='ocrx_word' id='word_1_45' title='bbox 446 779 587 840; x_wconf 85' lang='lat' dir='ltr'><strong>lude</strong></span> <span class='ocrx_word' id='word_1_46' title='bbox 630 798 741 860; x_wconf 86' lang='lat' dir='ltr'><strong>per</strong></span> <span class='ocrx_word' id='word_1_47' title='bbox 781 779 1061 859; x_wconf 84' lang='lat' dir='ltr'><strong>abruptas</strong></span> <span class='ocrx_word' id='word_1_48' title='bbox 1101 790 1423 841; x_wconf 77' lang='lat' dir='ltr'><strong>castrorum</strong></span> <span class='ocrx_word' id='word_1_49' title='bbox 1467 798 1543 840; x_wconf 76' lang='lat' dir='ltr'><strong>ex</strong></span> <span class='ocrx_word' id='word_1_50' title='bbox 1583 792 1805 858; x_wconf 72' lang='lat' dir='ltr'><strong>aggere</strong></span> <span class='ocrx_word' id='word_1_51' title='bbox 1848 783 2075 861; x_wconf 88' lang='lat' dir='ltr'><strong>pinnas,</strong></span> 
     </span>
     <span class='ocr_line' id='line_1_9' title="bbox 317 863 1801 943; baseline 0 -18"><span class='ocrx_word' id='word_1_52' title='bbox 317 863 410 925; x_wconf 81' lang='lat' dir='ltr'><strong>Ne</strong></span> <span class='ocrx_word' id='word_1_53' title='bbox 449 865 645 943; x_wconf 81' lang='lat' dir='ltr'><strong>gravis</strong></span> <span class='ocrx_word' id='word_1_54' title='bbox 691 863 982 925; x_wconf 80' lang='lat' dir='ltr'><strong>exclamet</strong></span> <span class='ocrx_word' id='word_1_55' title='bbox 1018 874 1227 943; x_wconf 83' lang='lat' dir='ltr'><strong>portae</strong></span> <span class='ocrx_word' id='word_1_56' title='bbox 1264 865 1517 943; x_wconf 75' lang='lat' dir='ltr'>mugitus</span> <span class='ocrx_word' id='word_1_57' title='bbox 1556 865 1801 942; x_wconf 67' lang='lat' dir='ltr'><strong>alae-ae,</strong></span> 
     </span>
     <span class='ocr_line' id='line_1_10' title="bbox 316 948 2062 1029; baseline 0 -18"><span class='ocrx_word' id='word_1_58' title='bbox 316 949 709 1029; x_wconf 77' lang='lat' dir='ltr'><strong>Praecipitant</strong></span> <span class='ocrx_word' id='word_1_59' title='bbox 747 948 927 1017; x_wconf 75' lang='lat' dir='ltr'><strong>saltu;</strong></span> <span class='ocrx_word' id='word_1_60' title='bbox 979 966 1093 1009; x_wconf 87' lang='lat' dir='ltr'><strong>nec</strong></span> <span class='ocrx_word' id='word_1_61' title='bbox 1133 950 1400 1028; x_wconf 64' lang='lat' dir='ltr'><strong>longum,</strong></span> <span class='ocrx_word' id='word_1_62' title='bbox 1453 957 1513 1010; x_wconf 86' lang='lat' dir='ltr'><strong>et</strong></span> <span class='ocrx_word' id='word_1_63' title='bbox 1551 951 1813 1028; x_wconf 77' lang='lat' dir='ltr'><strong>protinus</strong></span> <span class='ocrx_word' id='word_1_64' title='bbox 1854 952 2062 1028; x_wconf 84' lang='lat' dir='ltr'><strong>ingens</strong></span> 
     </span>
     <span class='ocr_line' id='line_1_11' title="bbox 316 1033 2321 1113; baseline 0 -18"><span class='ocrx_word' id='word_1_65' title='bbox 316 1033 539 1096; x_wconf 87' lang='lat' dir='ltr'><strong>Praeda</strong></span> <span class='ocrx_word' id='word_1_66' title='bbox 579 1033 713 1094; x_wconf 83' lang='lat' dir='ltr'><strong>solo</strong></span> <span class='ocrx_word' id='word_1_67' title='bbox 758 1050 868 1094; x_wconf 85' lang='lat' dir='ltr'><strong>ceu</strong></span> <span class='ocrx_word' id='word_1_68' title='bbox 908 1034 1020 1093; x_wconf 86' lang='lat' dir='ltr'><strong>iam</strong></span> <span class='ocrx_word' id='word_1_69' title='bbox 1061 1036 1361 1094; x_wconf 75' lang='lat' dir='ltr'><strong>exanimes</strong></span> <span class='ocrx_word' id='word_1_70' title='bbox 1400 1033 1701 1112; x_wconf 75' lang='lat' dir='ltr'><strong>multoque</strong></span> <span class='ocrx_word' id='word_1_71' title='bbox 1736 1037 1962 1113; x_wconf 74' lang='lat' dir='ltr'><strong>peracti</strong></span> <span class='ocrx_word' id='word_1_72' title='bbox 2215 1045 2321 1101; x_wconf 74' lang='lat'><strong>265</strong></span> 
     </span>
     <span class='ocr_line' id='line_1_12' title="bbox 315 1117 2001 1199; baseline -0.001 -18"><span class='ocrx_word' id='word_1_73' title='bbox 315 1119 476 1181; x_wconf 86' lang='lat' dir='ltr'><strong>Ense</strong></span> <span class='ocrx_word' id='word_1_74' title='bbox 521 1121 731 1179; x_wconf 88' lang='lat' dir='ltr'><strong>iacent.</strong></span> <span class='ocrx_word' id='word_1_75' title='bbox 816 1117 964 1195; x_wconf 62' lang='grc' dir='ltr'><strong>εῙιθ,</strong></span> <span class='ocrx_word' id='word_1_76' title='bbox 1012 1135 1050 1178; x_wconf 90' lang='lat' dir='ltr'><strong>o</strong></span> <span class='ocrx_word' id='word_1_77' title='bbox 1089 1120 1276 1194; x_wconf 81' lang='lat' dir='ltr'><strong>socii,</strong></span> <span class='ocrx_word' id='word_1_78' title='bbox 1320 1135 1681 1198; x_wconf 69' lang='lat' dir='ltr'><strong>quacumque</strong></span> <span class='ocrx_word' id='word_1_79' title='bbox 1723 1119 2001 1199; x_wconf 74' lang='lat' dir='ltr'><strong>voluptas</strong></span> 
     </span>
     <span class='ocr_line' id='line_1_13' title="bbox 319 1202 1919 1283; baseline 0 -18"><span class='ocrx_word' id='word_1_80' title='bbox 319 1203 531 1266; x_wconf 82' lang='lat' dir='ltr'><strong>Caedis</strong></span> <span class='ocrx_word' id='word_1_81' title='bbox 575 1203 952 1264; x_wconf 77' lang='lat' dir='ltr'><strong>inexhaustae</strong></span> <span class='ocrx_word' id='word_1_82' title='bbox 995 1205 1345 1283; x_wconf 70' lang='lat' dir='ltr'><strong>superisque</strong></span> <span class='ocrx_word' id='word_1_83' title='bbox 1380 1202 1745 1280; x_wconf 79' lang='lat' dir='ltr'><strong>faventibus,</strong></span> <span class='ocrx_word' id='word_1_84' title='bbox 1789 1221 1919 1282; x_wconf 82' lang='lat' dir='ltr'><strong>oro,</strong></span> 
     </span>
     <span class='ocr_line' id='line_1_14' title="bbox 315 1287 1820 1365; baseline -0.002 -14"><span class='ocrx_word' id='word_1_85' title='bbox 315 1288 616 1365; x_wconf 73' lang='lat' dir='ltr'><strong>Samnite,</strong></span> <span class='ocrx_word' id='word_1_86' title='bbox 661 1289 924 1349; x_wconf 80' lang='lat' dir='ltr'><strong>hortatur</strong></span> <span class='ocrx_word' id='word_1_87' title='bbox 963 1287 1123 1349; x_wconf 83' lang='lat' dir='ltr'><strong>clara</strong></span> <span class='ocrx_word' id='word_1_88' title='bbox 1157 1290 1272 1347; x_wconf 85' lang='lat' dir='ltr'><strong>iam</strong></span> <span class='ocrx_word' id='word_1_89' title='bbox 1311 1304 1465 1348; x_wconf 71' lang='lat' dir='ltr'><strong>voce</strong></span> <span class='ocrx_word' id='word_1_90' title='bbox 1507 1288 1820 1349; x_wconf 75' lang='lat' dir='ltr'><strong>sacerdos:</strong></span> 
     </span>
     <span class='ocr_line' id='line_1_15' title="bbox 320 1371 1763 1452; baseline -0.002 -18"><span class='ocrx_word' id='word_1_91' title='bbox 320 1371 573 1434; x_wconf 87' lang='lat' dir='ltr'><strong>Cernitis</strong></span> <span class='ocrx_word' id='word_1_92' title='bbox 616 1374 916 1452; x_wconf 82' lang='lat' dir='ltr'><strong>expositas</strong></span> <span class='ocrx_word' id='word_1_93' title='bbox 955 1374 1109 1452; x_wconf 87' lang='lat' dir='ltr'><strong>turpi</strong></span> <span class='ocrx_word' id='word_1_94' title='bbox 1151 1389 1439 1433; x_wconf 73' lang='lat' dir='ltr'><strong>marem-e¹</strong></span> <span class='ocrx_word' id='word_1_95' title='bbox 1465 1372 1763 1433; x_wconf 78' lang='lat' dir='ltr'><strong>cohortes.</strong></span> 
     </span>
     <span class='ocr_line' id='line_1_16' title="bbox 315 1455 2327 1536; baseline 0 -18"><span class='ocrx_word' id='word_1_96' title='bbox 315 1457 428 1519; x_wconf 90' lang='lat' dir='ltr'><strong>Pro</strong></span> <span class='ocrx_word' id='word_1_97' title='bbox 474 1456 689 1535; x_wconf 84' lang='lat' dir='ltr'><strong>pudor!</strong></span> <span class='ocrx_word' id='word_1_98' title='bbox 756 1456 1072 1534; x_wconf 78' lang='lat' dir='ltr'><strong>Argolicas</strong></span> <span class='ocrx_word' id='word_1_99' title='bbox 1111 1455 1245 1517; x_wconf 87' lang='lat' dir='ltr'><strong>hine</strong></span> <span class='ocrx_word' id='word_1_100' title='bbox 1288 1457 1413 1518; x_wconf 82' lang='lat' dir='ltr'><strong>ausi</strong></span> <span class='ocrx_word' id='word_1_101' title='bbox 1453 1456 1731 1517; x_wconf 75' lang='lat' dir='ltr'><strong>obsidere</strong></span> <span class='ocrx_word' id='word_1_102' title='bbox 1772 1466 1999 1536; x_wconf 75' lang='lat' dir='ltr'><strong>portas,</strong></span> <span class='ocrx_word' id='word_1_103' title='bbox 2214 1466 2327 1525; x_wconf 68' lang='lat' dir='ltr'><strong>m</strong></span> 
     </span>
     <span class='ocr_line' id='line_1_17' title="bbox 312 1538 1900 1617; baseline -0.001 -15"><span class='ocrx_word' id='word_1_104' title='bbox 312 1542 385 1602; x_wconf 86' lang='lat' dir='ltr'><strong>Hi</strong></span> <span class='ocrx_word' id='word_1_105' title='bbox 428 1558 669 1603; x_wconf 78' lang='lat' dir='ltr'><strong>servare</strong></span> <span class='ocrx_word' id='word_1_106' title='bbox 708 1538 952 1601; x_wconf 78' lang='lat' dir='ltr'><strong>viros?’</strong></span> <span class='ocrx_word' id='word_1_107' title='bbox 1021 1542 1121 1602; x_wconf 88' lang='lat' dir='ltr'><strong>Sic</strong></span> <span class='ocrx_word' id='word_1_108' title='bbox 1159 1541 1348 1617; x_wconf 71' lang='lat' dir='ltr'><strong>fatus,</strong></span> <span class='ocrx_word' id='word_1_109' title='bbox 1390 1549 1456 1601; x_wconf 80' lang='lat' dir='ltr'><strong>et</strong></span> <span class='ocrx_word' id='word_1_110' title='bbox 1498 1542 1659 1601; x_wconf 75' lang='lat' dir='ltr'><strong>exuit</strong></span> <span class='ocrx_word' id='word_1_111' title='bbox 1699 1545 1900 1602; x_wconf 80' lang='lat' dir='ltr'><strong>ensem</strong></span> 
     </span>
     <span class='ocr_line' id='line_1_18' title="bbox 311 1623 1826 1705; baseline 0 -18"><span class='ocrx_word' id='word_1_112' title='bbox 311 1623 668 1687; x_wconf 86' lang='lat' dir='ltr'><strong>Fulmineum</strong></span> <span class='ocrx_word' id='word_1_113' title='bbox 708 1625 1028 1705; x_wconf 83' lang='lat' dir='ltr'><strong>rapidaque</strong></span> <span class='ocrx_word' id='word_1_114' title='bbox 1068 1644 1234 1688; x_wconf 84' lang='lat' dir='ltr'><strong>manu</strong></span> <span class='ocrx_word' id='word_1_115' title='bbox 1277 1627 1581 1686; x_wconf 80' lang='lat' dir='ltr'><strong>morientia</strong></span> <span class='ocrx_word' id='word_1_116' title='bbox 1622 1627 1826 1687; x_wconf 75' lang='lat' dir='ltr'><strong>transit</strong></span> 
     </span>
     <span class='ocr_line' id='line_1_19' title="bbox 312 1709 2081 1787; baseline 0.002 -17"><span class='ocrx_word' id='word_1_117' title='bbox 312 1709 581 1787; x_wconf 83' lang='lat' dir='ltr'><strong>Agmina.</strong></span> <span class='ocrx_word' id='word_1_118' title='bbox 662 1709 806 1785; x_wconf 83' lang='lat' dir='ltr'><strong>Quis</strong></span> <span class='ocrx_word' id='word_1_119' title='bbox 843 1720 1109 1771; x_wconf 84' lang='lat' dir='ltr'><strong>numeret</strong></span> <span class='ocrx_word' id='word_1_120' title='bbox 1150 1710 1402 1786; x_wconf 87' lang='lat' dir='ltr'><strong>caedes,</strong></span> <span class='ocrx_word' id='word_1_121' title='bbox 1444 1716 1545 1770; x_wconf 84' lang='lat' dir='ltr'><strong>aut</strong></span> <span class='ocrx_word' id='word_1_122' title='bbox 1583 1711 1812 1771; x_wconf 81' lang='lat' dir='ltr'><strong>nomine</strong></span> <span class='ocrx_word' id='word_1_123' title='bbox 1852 1712 2081 1773; x_wconf 79' lang='lat' dir='ltr'><strong>turbam</strong></span> 
     </span>
     <span class='ocr_line' id='line_1_20' title="bbox 312 1792 1861 1875; baseline -0.001 -19"><span class='ocrx_word' id='word_1_124' title='bbox 312 1794 654 1856; x_wconf 87' lang='lat' dir='ltr'><strong>Exanimem</strong></span> <span class='ocrx_word' id='word_1_125' title='bbox 698 1797 932 1874; x_wconf 81' lang='lat' dir='ltr'><strong>signare</strong></span> <span class='ocrx_word' id='word_1_126' title='bbox 976 1792 1195 1875; x_wconf 77' lang='lat' dir='ltr'><strong>queat?</strong></span> <span class='ocrx_word' id='word_1_127' title='bbox 1250 1793 1406 1855; x_wconf 81' lang='lat' dir='ltr'><strong>subit</strong></span> <span class='ocrx_word' id='word_1_128' title='bbox 1446 1794 1647 1855; x_wconf 80' lang='lat' dir='ltr'><strong>ordine</strong></span> <span class='ocrx_word' id='word_1_129' title='bbox 1695 1794 1861 1855; x_wconf 77' lang='lat' dir='ltr'><strong>nullo·</strong></span> 
     </span>
     <span class='ocr_line' id='line_1_21' title="bbox 312 1878 2320 1959; baseline 0 -19"><span class='ocrx_word' id='word_1_130' title='bbox 312 1878 623 1959; x_wconf 82' lang='lat' dir='ltr'><strong>Tergaque</strong></span> <span class='ocrx_word' id='word_1_131' title='bbox 661 1889 1056 1959; x_wconf 75' lang='lat' dir='ltr'><strong>pectoraque,</strong></span> <span class='ocrx_word' id='word_1_132' title='bbox 1103 1889 1163 1939; x_wconf 87' lang='lat' dir='ltr'><strong>et</strong></span> <span class='ocrx_word' id='word_1_133' title='bbox 1204 1879 1394 1957; x_wconf 81' lang='lat' dir='ltr'><strong>galeis</strong></span> <span class='ocrx_word' id='word_1_134' title='bbox 1431 1878 1657 1940; x_wconf 74' lang='lat' dir='ltr'><strong>inclusa</strong></span> <span class='ocrx_word' id='word_1_135' title='bbox 1698 1879 1972 1959; x_wconf 81' lang='lat' dir='ltr'><strong>relinquit</strong></span> <span class='ocrx_word' id='word_1_136' title='bbox 2210 1890 2320 1947; x_wconf 72' lang='lat'><strong>275</strong></span> 
     </span>
     <span class='ocr_line' id='line_1_22' title="bbox 310 1963 1999 2044; baseline 0.001 -19"><span class='ocrx_word' id='word_1_137' title='bbox 310 1963 600 2025; x_wconf 74' lang='lat' dir='ltr'><strong>Murmura</strong></span> <span class='ocrx_word' id='word_1_138' title='bbox 643 1965 1076 2044; x_wconf 75' lang='lat' dir='ltr'><strong>permiscetque</strong></span> <span class='ocrx_word' id='word_1_139' title='bbox 1116 1981 1307 2042; x_wconf 71' lang='lat' dir='ltr'><strong>vagos</strong></span> <span class='ocrx_word' id='word_1_140' title='bbox 1344 1964 1405 2024; x_wconf 88' lang='lat' dir='ltr'><strong>in</strong></span> <span class='ocrx_word' id='word_1_141' title='bbox 1446 1964 1723 2042; x_wconf 81' lang='lat' dir='ltr'><strong>sanguine</strong></span> <span class='ocrx_word' id='word_1_142' title='bbox 1764 1980 1999 2026; x_wconf 70' lang='lat' dir='ltr'><strong>manes:</strong></span> 
     </span>
     <span class='ocr_line' id='line_1_23' title="bbox 311 2048 2067 2128; baseline 0 -18"><span class='ocrx_word' id='word_1_143' title='bbox 311 2049 477 2110; x_wconf 86' lang='lat' dir='ltr'><strong>Hunc</strong></span> <span class='ocrx_word' id='word_1_144' title='bbox 517 2058 740 2109; x_wconf 90' lang='lat' dir='ltr'><strong>temere</strong></span> <span class='ocrx_word' id='word_1_145' title='bbox 784 2049 1120 2128; x_wconf 80' lang='lat' dir='ltr'><strong>explicitum</strong></span> <span class='ocrx_word' id='word_1_146' title='bbox 1165 2048 1392 2124; x_wconf 70' lang='lat' dir='ltr'><strong>stratis,</strong></span> <span class='ocrx_word' id='word_1_147' title='bbox 1437 2048 1590 2109; x_wconf 83' lang='lat' dir='ltr'><strong>hunc</strong></span> <span class='ocrx_word' id='word_1_148' title='bbox 1627 2052 1764 2109; x_wconf 76' lang='lat' dir='ltr'><strong>sero</strong></span> <span class='ocrx_word' id='word_1_149' title='bbox 1804 2052 2067 2111; x_wconf 81' lang='lat' dir='ltr'><strong>remissis</strong></span> 
     </span>
     <span class='ocr_line' id='line_1_24' title="bbox 312 2132 2001 2213; baseline -0.001 -18"><span class='ocrx_word' id='word_1_150' title='bbox 312 2133 624 2195; x_wconf 86' lang='lat' dir='ltr'><strong>Gressibus</strong></span> <span class='ocrx_word' id='word_1_151' title='bbox 658 2132 944 2211; x_wconf 85' lang='lat' dir='ltr'><strong>inlapsum</strong></span> <span class='ocrx_word' id='word_1_152' title='bbox 988 2133 1184 2212; x_wconf 84' lang='lat' dir='ltr'><strong>clipeo</strong></span> <span class='ocrx_word' id='word_1_153' title='bbox 1226 2142 1286 2193; x_wconf 91' lang='lat' dir='ltr'><strong>et</strong></span> <span class='ocrx_word' id='word_1_154' title='bbox 1326 2132 1480 2193; x_wconf 85' lang='lat' dir='ltr'><strong>male</strong></span> <span class='ocrx_word' id='word_1_155' title='bbox 1522 2133 1643 2194; x_wconf 85' lang='lat' dir='ltr'><strong>tela</strong></span> <span class='ocrx_word' id='word_1_156' title='bbox 1683 2142 2001 2213; x_wconf 85' lang='lat' dir='ltr'><strong>tenentem,</strong></span> 
     </span>
     <span class='ocr_line' id='line_1_25' title="bbox 315 2216 1978 2298; baseline 0.001 -20"><span class='ocrx_word' id='word_1_157' title='bbox 315 2216 595 2279; x_wconf 84' lang='lat' dir='ltr'><strong>Coetihus</strong></span> <span class='ocrx_word' id='word_1_158' title='bbox 636 2217 748 2277; x_wconf 85' lang='lat' dir='ltr'><strong>hos</strong></span> <span class='ocrx_word' id='word_1_159' title='bbox 787 2218 994 2278; x_wconf 86' lang='lat' dir='ltr'><strong>mediis</strong></span> <span class='ocrx_word' id='word_1_160' title='bbox 1030 2219 1164 2279; x_wconf 77' lang='lat' dir='ltr'><strong>vina</strong></span> <span class='ocrx_word' id='word_1_161' title='bbox 1207 2219 1359 2278; x_wconf 87' lang='lat' dir='ltr'><strong>inter</strong></span> <span class='ocrx_word' id='word_1_162' title='bbox 1400 2226 1460 2277; x_wconf 90' lang='lat' dir='ltr'><strong>et</strong></span> <span class='ocrx_word' id='word_1_163' title='bbox 1500 2235 1654 2277; x_wconf 82' lang='lat' dir='ltr'><strong>arma</strong></span> <span class='ocrx_word' id='word_1_164' title='bbox 1694 2219 1978 2298; x_wconf 68' lang='lat' dir='ltr'><strong>iacentes,</strong></span> 
     </span>
     <span class='ocr_line' id='line_1_26' title="bbox 310 2286 2465 2388; baseline -0.001 -25"><span class='ocrx_word' id='word_1_165' title='bbox 310 2302 593 2363; x_wconf 83' lang='lat' dir='ltr'><strong>Acclines</strong></span> <span class='ocrx_word' id='word_1_166' title='bbox 635 2302 845 2388; x_wconf 76' lang='lat' dir='ltr'><strong>clipeis</strong></span> <span class='ocrx_word' id='word_1_167' title='bbox 889 2302 1073 2378; x_wconf 84' lang='lat' dir='ltr'><strong>alios,</strong></span> <span class='ocrx_word' id='word_1_168' title='bbox 1121 2311 1180 2362; x_wconf 88' lang='lat' dir='ltr'><strong>ut</strong></span> <span class='ocrx_word' id='word_1_169' title='bbox 1221 2319 1513 2381; x_wconf 72' lang='lat' dir='ltr'><strong>quemque</strong></span> <span class='ocrx_word' id='word_1_170' title='bbox 1554 2301 1793 2379; x_wconf 76' lang='lat' dir='ltr'><strong>ligatum</strong></span> <span class='ocrx_word' id='word_1_171' title='bbox 2206 2315 2317 2369; x_wconf 74' lang='lat'><strong>280</strong></span> <span class='ocrx_word' id='word_1_172' title='bbox 2460 2286 2465 2351; x_wconf 56' lang='lat' dir='ltr'><em>J</em></span> 
     </span>
     <span class='ocr_line' id='line_1_27' title="bbox 310 2386 1647 2467; baseline -0.001 -19"><span class='ocrx_word' id='word_1_173' title='bbox 310 2387 522 2448; x_wconf 85' lang='lat' dir='ltr'><strong>Infelix</strong></span> <span class='ocrx_word' id='word_1_174' title='bbox 559 2386 771 2447; x_wconf 89' lang='lat' dir='ltr'><strong>tellure</strong></span> <span class='ocrx_word' id='word_1_175' title='bbox 810 2404 996 2467; x_wconf 51' lang='lat' dir='ltr'><strong>sopor¹</strong></span> <span class='ocrx_word' id='word_1_176' title='bbox 1035 2404 1425 2466; x_wconf 85' lang='lat' dir='ltr'><strong>supremaque</strong></span> <span class='ocrx_word' id='word_1_177' title='bbox 1458 2386 1647 2447; x_wconf 72' lang='lat' dir='ltr'><strong>nubes</strong></span> 
     </span>
     <span class='ocr_line' id='line_1_28' title="bbox 313 2469 1882 2550; baseline 0 -19"><span class='ocrx_word' id='word_1_178' title='bbox 313 2470 632 2533; x_wconf 86' lang='lat' dir='ltr'><strong>Obruerat.-</strong></span> <span class='ocrx_word' id='word_1_179' title='bbox 700 2469 830 2532; x_wconf 88' lang='lat' dir='ltr'><strong>Nec</strong></span> <span class='ocrx_word' id='word_1_180' title='bbox 868 2488 1080 2531; x_wconf 88' lang='lat' dir='ltr'><strong>numen</strong></span> <span class='ocrx_word' id='word_1_181' title='bbox 1118 2471 1316 2548; x_wconf 85' lang='lat' dir='ltr'><strong>abest,</strong></span> <span class='ocrx_word' id='word_1_182' title='bbox 1362 2481 1697 2550; x_wconf 82' lang='lat' dir='ltr'><strong>armataque</strong></span> <span class='ocrx_word' id='word_1_183' title='bbox 1737 2470 1882 2531; x_wconf 86' lang='lat' dir='ltr'><strong>Iuno</strong></span> 
     </span>
     <span class='ocr_line' id='line_1_29' title="bbox 309 2555 1707 2635; baseline 0 -19"><span class='ocrx_word' id='word_1_184' title='bbox 309 2555 591 2617; x_wconf 84' lang='lat' dir='ltr'><strong>Lunarem</strong></span> <span class='ocrx_word' id='word_1_185' title='bbox 635 2556 899 2635; x_wconf 87' lang='lat' dir='ltr'><strong>quatiens</strong></span> <span class='ocrx_word' id='word_1_186' title='bbox 944 2565 1149 2617; x_wconf 82' lang='lat' dir='ltr'><strong>exerta</strong></span> <span class='ocrx_word' id='word_1_187' title='bbox 1190 2555 1455 2635; x_wconf 86' lang='lat' dir='ltr'><strong>lampada</strong></span> <span class='ocrx_word' id='word_1_188' title='bbox 1500 2555 1707 2617; x_wconf 77' lang='lat' dir='ltr'><strong>dextra</strong></span> 
     </span>
     <span class='ocr_line' id='line_1_30' title="bbox 309 2640 2007 2719; baseline -0.002 -17"><span class='ocrx_word' id='word_1_189' title='bbox 309 2640 513 2702; x_wconf 83' lang='lat' dir='ltr'><strong>Pandit</strong></span> <span class='ocrx_word' id='word_1_190' title='bbox 554 2642 665 2701; x_wconf 90' lang='lat' dir='ltr'><strong>iter</strong></span> <span class='ocrx_word' id='word_1_191' title='bbox 705 2641 1006 2719; x_wconf 82' lang='lat' dir='ltr'><strong>firmatque</strong></span> <span class='ocrx_word' id='word_1_192' title='bbox 1048 2641 1271 2701; x_wconf 75' lang='lat' dir='ltr'><strong>animos</strong></span> <span class='ocrx_word' id='word_1_193' title='bbox 1313 2650 1372 2700; x_wconf 87' lang='lat' dir='ltr'><strong>et</strong></span> <span class='ocrx_word' id='word_1_194' title='bbox 1415 2657 1663 2719; x_wconf 75' lang='lat' dir='ltr'><strong>corpora</strong></span> <span class='ocrx_word' id='word_1_195' title='bbox 1707 2649 2007 2702; x_wconf 78' lang='lat' dir='ltr'><strong>monstrat.</strong></span> 
     </span>
     <span class='ocr_line' id='line_1_31' title="bbox 312 2724 2307 2803; baseline -0.001 -17"><span class='ocrx_word' id='word_1_196' title='bbox 312 2725 500 2786; x_wconf 90' lang='lat' dir='ltr'><strong>Sentit</strong></span> <span class='ocrx_word' id='word_1_197' title='bbox 541 2725 752 2786; x_wconf 82' lang='lat' dir='ltr'><strong>adesse</strong></span> <span class='ocrx_word' id='word_1_198' title='bbox 800 2724 967 2786; x_wconf 86' lang='lat' dir='ltr'><strong>deam</strong></span> <span class='ocrx_word' id='word_1_199' title='bbox 1004 2728 1247 2803; x_wconf 77' lang='lat' dir='ltr'><strong>tacitns,</strong></span> <span class='ocrx_word' id='word_1_200' title='bbox 1300 2724 1407 2785; x_wconf 82' lang='lat' dir='ltr'><strong>sed</strong></span> <span class='ocrx_word' id='word_1_201' title='bbox 1442 2725 1667 2802; x_wconf 72' lang='lat' dir='ltr'><strong>gaudia-</strong></span> <span class='ocrx_word' id='word_1_202' title='bbox 1700 2725 1857 2795; x_wconf 79' lang='lat' dir='ltr'><strong>celat</strong></span> <span class='ocrx_word' id='word_1_203' title='bbox 2206 2735 2307 2790; x_wconf 72' lang='lat'><strong>285</strong></span> 
     </span>
     <span class='ocr_line' id='line_1_32' title="bbox 312 2808 1981 2882; baseline -0.001 -12"><span class='ocrx_word' id='word_1_204' title='bbox 312 2809 687 2877; x_wconf 87' lang='lat' dir='ltr'><strong>Thiodamas;</strong></span> <span class='ocrx_word' id='word_1_205' title='bbox 733 2811 846 2869; x_wconf 89' lang='lat' dir='ltr'><strong>iam</strong></span> <span class='ocrx_word' id='word_1_206' title='bbox 885 2809 1050 2870; x_wconf 87' lang='lat' dir='ltr'><strong>tarda</strong></span> <span class='ocrx_word' id='word_1_207' title='bbox 1092 2826 1324 2882; x_wconf 81' lang='lat' dir='ltr'><strong>manus,</strong></span> <span class='ocrx_word' id='word_1_208' title='bbox 1374 2811 1487 2870; x_wconf 82' lang='lat' dir='ltr'><strong>iam</strong></span> <span class='ocrx_word' id='word_1_209' title='bbox 1525 2808 1720 2869; x_wconf 87' lang='lat' dir='ltr'><strong>debile</strong></span> <span class='ocrx_word' id='word_1_210' title='bbox 1762 2809 1981 2869; x_wconf 87' lang='lat' dir='ltr'><strong>ferrum</strong></span> 
     </span>
     <span class='ocr_line' id='line_1_33' title="bbox 309 2893 1581 2972; baseline -0.002 -17"><span class='ocrx_word' id='word_1_211' title='bbox 309 2893 386 2955; x_wconf 91' lang='lat' dir='ltr'><strong>Et</strong></span> <span class='ocrx_word' id='word_1_212' title='bbox 431 2894 753 2972; x_wconf 77' lang='lat' dir='ltr'><strong>caligantes</strong></span> <span class='ocrx_word' id='word_1_213' title='bbox 793 2894 979 2951; x_wconf 79' lang='lat' dir='ltr'><strong>nimiis</strong></span> <span class='ocrx_word' id='word_1_214' title='bbox 1022 2894 1403 2954; x_wconf 81' lang='lat' dir='ltr'><strong>successibus</strong></span> <span class='ocrx_word' id='word_1_215' title='bbox 1438 2896 1581 2953; x_wconf 88' lang='lat' dir='ltr'><strong>irae.</strong></span> 
     </span>
     <span class='ocr_line' id='line_1_34' title="bbox 311 2976 1955 3058; baseline 0.001 -20"><span class='ocrx_word' id='word_1_216' title='bbox 311 2976 525 3058; x_wconf 87' lang='lat' dir='ltr'><strong>Caspia</strong></span> <span class='ocrx_word' id='word_1_217' title='bbox 567 2995 684 3038; x_wconf 85' lang='lat' dir='ltr'><strong>non</strong></span> <span class='ocrx_word' id='word_1_218' title='bbox 727 2977 899 3037; x_wconf 82' lang='lat' dir='ltr'><strong>aliter</strong></span> <span class='ocrx_word' id='word_1_219' title='bbox 938 2995 1274 3055; x_wconf 80' lang='lat' dir='ltr'><strong>magnorum</strong></span> <span class='ocrx_word' id='word_1_220' title='bbox 1314 2980 1373 3038; x_wconf 85' lang='lat' dir='ltr'><strong>in</strong></span> <span class='ocrx_word' id='word_1_221' title='bbox 1408 2987 1610 3055; x_wconf 77' lang='lat' dir='ltr'><strong>strage</strong></span> <span class='ocrx_word' id='word_1_222' title='bbox 1648 2978 1955 3040; x_wconf 83' lang='lat' dir='ltr'><strong>iuvencum</strong></span> 
     </span>
     <span class='ocr_line' id='line_1_35' title="bbox 310 3061 1738 3141; baseline -0.001 -18"><span class='ocrx_word' id='word_1_223' title='bbox 310 3061 535 3141; x_wconf 77' lang='lat' dir='ltr'><strong>Tigris,</strong></span> <span class='ocrx_word' id='word_1_224' title='bbox 579 3062 681 3122; x_wconf 89' lang='lat' dir='ltr'><strong>ubi</strong></span> <span class='ocrx_word' id='word_1_225' title='bbox 716 3063 976 3121; x_wconf 85' lang='lat' dir='ltr'><strong>inmenso</strong></span> <span class='ocrx_word' id='word_1_226' title='bbox 1017 3062 1214 3122; x_wconf 81' lang='lat' dir='ltr'><strong>rabies</strong></span> <span class='ocrx_word' id='word_1_227' title='bbox 1249 3062 1482 3141; x_wconf 75' lang='lat' dir='ltr'><strong>placata</strong></span> <span class='ocrx_word' id='word_1_228' title='bbox 1526 3080 1738 3122; x_wconf 82' lang='lat' dir='ltr'><strong>cruore</strong></span> 
     </span>
     <span class='ocr_line' id='line_1_36' title="bbox 307 3145 2307 3225; baseline -0.001 -19"><span class='ocrx_word' id='word_1_229' title='bbox 307 3146 684 3225; x_wconf 83' lang='lat' dir='ltr'><strong>Lassavitque</strong></span> <span class='ocrx_word' id='word_1_230' title='bbox 729 3163 912 3223; x_wconf 82' lang='lat' dir='ltr'><strong>genas</strong></span> <span class='ocrx_word' id='word_1_231' title='bbox 951 3155 1011 3207; x_wconf 89' lang='lat' dir='ltr'><strong>et</strong></span> <span class='ocrx_word' id='word_1_232' title='bbox 1053 3162 1256 3206; x_wconf 83' lang='lat' dir='ltr'><strong>crasso</strong></span> <span class='ocrx_word' id='word_1_233' title='bbox 1301 3147 1534 3207; x_wconf 87' lang='lat' dir='ltr'><strong>sordida</strong></span> <span class='ocrx_word' id='word_1_234' title='bbox 1570 3145 1708 3206; x_wconf 81' lang='lat' dir='ltr'><strong>tabo</strong></span> <span class='ocrx_word' id='word_1_235' title='bbox 2203 3157 2307 3213; x_wconf 77' lang='lat'><strong>290</strong></span> 
     </span>
     <span class='ocr_line' id='line_1_37' title="bbox 308 3228 1837 3310; baseline 0.001 -19"><span class='ocrx_word' id='word_1_236' title='bbox 308 3228 578 3291; x_wconf 87' lang='lat' dir='ltr'><strong>Confudit</strong></span> <span class='ocrx_word' id='word_1_237' title='bbox 617 3231 904 3307; x_wconf 67' lang='lat' dir='ltr'><strong>maculam,</strong></span> <span class='ocrx_word' id='word_1_238' title='bbox 948 3238 1179 3307; x_wconf 86' lang='lat' dir='ltr'><strong>spectat</strong></span> <span class='ocrx_word' id='word_1_239' title='bbox 1219 3247 1325 3290; x_wconf 88' lang='lat' dir='ltr'><strong>sua</strong></span> <span class='ocrx_word' id='word_1_240' title='bbox 1366 3230 1520 3292; x_wconf 81' lang='lat' dir='ltr'><strong>facta</strong></span> <span class='ocrx_word' id='word_1_241' title='bbox 1557 3231 1837 3310; x_wconf 86' lang='lat' dir='ltr'><strong>doletque</strong></span> 
     </span>
     <span class='ocr_line' id='line_1_38' title="bbox 306 3312 1774 3392; baseline 0.001 -20"><span class='ocrx_word' id='word_1_242' title='bbox 306 3312 619 3373; x_wconf 82' lang='lat' dir='ltr'><strong>Defecisse</strong></span> <span class='ocrx_word' id='word_1_243' title='bbox 663 3315 889 3381; x_wconf 76' lang='lat' dir='ltr'><strong>famem.</strong></span> <span class='ocrx_word' id='word_1_244' title='bbox 969 3313 1176 3372; x_wconf 81' lang='lat' dir='ltr'><strong>Victus</strong></span> <span class='ocrx_word' id='word_1_245' title='bbox 1214 3315 1303 3373; x_wconf 84' lang='lat' dir='ltr'><strong>sic</strong></span> <span class='ocrx_word' id='word_1_246' title='bbox 1339 3333 1526 3392; x_wconf 75' lang='lat' dir='ltr'><strong>augur</strong></span> <span class='ocrx_word' id='word_1_247' title='bbox 1558 3316 1774 3376; x_wconf 74' lang='lat' dir='ltr'><strong>inerrat</strong></span> 
     </span>
     <span class='ocr_line' id='line_1_39' title="bbox 309 3394 1825 3475; baseline 0.005 -21"><span class='ocrx_word' id='word_1_248' title='bbox 309 3394 601 3457; x_wconf 84' lang='lat' dir='ltr'><strong>Caedibus</strong></span> <span class='ocrx_word' id='word_1_249' title='bbox 642 3398 885 3466; x_wconf 76' lang='lat' dir='ltr'><strong>Aoniis;</strong></span> <span class='ocrx_word' id='word_1_250' title='bbox 923 3405 1090 3475; x_wconf 86' lang='lat' dir='ltr'><strong>optet</strong></span> <span class='ocrx_word' id='word_1_251' title='bbox 1129 3415 1280 3458; x_wconf 86' lang='lat' dir='ltr'><strong>nuuc</strong></span> <span class='ocrx_word' id='word_1_252' title='bbox 1322 3398 1559 3461; x_wconf 66' lang='lat' dir='ltr'><strong>brachia</strong></span> <span class='ocrx_word' id='word_1_253' title='bbox 1596 3404 1825 3462; x_wconf 79' lang='lat' dir='ltr'><strong>centum</strong></span> 
     </span>
    </p>
   </div>
   <div class='ocr_carea' id='block_1_3' title="bbox 2462 2186 2467 2245">
    <p class='ocr_par' dir='ltr' id='par_1_3' title="bbox 2462 2186 2467 2245">
     <span class='ocr_line' id='line_1_40' title="bbox 2462 2186 2467 2245; baseline 0 0"><span class='ocrx_word' id='word_1_254' title='bbox 2462 2186 2467 2245; x_wconf 60' lang='lat' dir='ltr'><strong>i</strong></span> 
     </span>
    </p>
   </div>
  </div>
 </body>
</html>
