2517 3909
225 186 310 251 62
970 184 1030 240 P.
1066 184 1343 239 PAPINII
1382 183 1621 239 STATII

542 328 696 396 Non
738 334 811 395 tu
855 330 1122 395 flumina
1165 351 1286 394 nec
1332 349 1562 414 greges
1608 328 1894 393 ferarum

541 418 680 484 Nec
725 420 972 504 plectro
1019 416 1279 483 Geticas
1325 418 1619 483 mouebis
1668 440 1884 502 ornOS,
1943 421 1950 426 ’
2019 437 2032 446 ’

544 507 669 573 Sed
716 511 963 593 septem
1007 508 1161 592 iuga
1204 506 1637 591 Martiumque
1680 506 1997 592 Thybrim
2045 525 2050 530 ·
2285 522 2354 572 45

541 595 632 662 Et
676 598 902 663 doctos
949 597 1196 681 equites
1245 599 1311 660 et
1356 597 1697 680 eloquente

543 684 753 751 Oantu
797 706 1192 769 purpureum
1237 685 1459 749 trahes
1508 688 1823 750 senatum.

540 773 910 841 Nocturnas
959 774 1071 838 alii
1115 773 1454 859 Phrygum
1498 774 1721 837 ruinas

539 863 629 928 Et
672 864 857 929 tarde
899 862 1150 927 reducis
1196 863 1338 927 uias
1385 860 1598 927 Ulixis

536 952 630 1018 Et
672 969 955 1037 puppem
999 952 1414 1015 temerariam
1458 950 1811 1037 Mineruae,
2287 967 2356 1016 50

540 1041 726 1107 Trita
768 1041 1031 1105 uatibus
1079 1041 1311 1124 orbita,
1358 1043 1735 1124 sequantur:

540 1130 639 1195 Tu
686 1152 872 1195 carus
919 1128 1108 1194 Latio
1157 1150 1530 1213 memorque
1577 1130 1789 1215 gentis

539 1218 815 1285 Carmen
858 1218 1092 1283 fortior
1137 1239 1355 1282 exeres
1400 1221 1719 1304 togatum.

535 1308 637 1374 Ac
678 1309 960 1393 primum
1004 1308 1247 1371 teneris
1295 1306 1503 1372 adhuc
1547 1307 1619 1370 in
1664 1306 1852 1372 annis

532 1395 743 1462 Ludes
789 1396 1077 1461 Hectora
1123 1395 1597 1479 Thessalosque
1645 1417 1869 1461 currus
2287 1410 2354 1460 55

534 1485 626 1551 Et
672 1486 941 1570 supplex
985 1483 1232 1549 Priami
1276 1486 1565 1569 potentis
1614 1506 1861 1569 aurum,

533 1574 624 1640 Et
669 1575 850 1639 sedes
900 1573 1220 1638 reserabis
1266 1573 1622 1638 inferorum

1104 1664 1118 1709 5
1359 1663 1373 1676 .
1499 1671 1501 1673 ,
1769 1661 1782 1674 .

533 1662 892 1818 ἕῖῗέἓῖἑ
912 1660 1088 1816 ῗῑῖἓο
1105 1660 1500 1835 ἕιέεὲἷῖῖἷῗ
1517 1662 1834 1835 οῗὲἑῗξῖἓ.

533 1839 726 1907 Dices
773 1840 1162 1907 culminibus
1207 1839 1399 1905 Remi
1444 1839 1746 1927 uagantis
2286 1856 2353 1904 60

531 1929 842 1995 Infandos
890 1928 1135 1994 domini
1179 1930 1478 1994 nocentis
1523 1931 1729 2015 ignes,

532 2018 705 2085 Hinc
751 2021 962 2084 castae
1006 2018 1272 2082 titulum
1318 2018 1637 2103 decusque
1682 2015 1907 2082 Pollae

531 2107 822 2174 Iocunda
865 2106 1050 2171 dabis
1097 2106 1521 2171 adlocutione.

530 2196 686 2263 Mox
731 2199 962 2280 coepta
1009 2195 1385 2279 generosior
1429 2196 1696 2260 iuuenta

529 2285 737 2350 Albos
785 2284 1042 2350 ossibus
1087 2282 1277 2348 Italis
1330 2282 1676 2368 Philippos
2286 2299 2353 2348 65

530 2374 622 2439 Et
665 2372 1043 2438 Pharsalica
1088 2372 1262 2436 bella
1309 2372 1682 2457 detonabis‚·

534 2463 723 2541 Quod
767 2462 1016 2527 fulmen
1061 2460 1244 2525 ducis
1292 2461 1461 2526 inter
1486 2467 1687 2526 ‘arma
1732 2461 1886 2546 diui,

529 2551 858 2621 Libertate
904 2569 1170 2635 grauem
1214 2549 1326 2633 pia
1373 2548 1690 2616 Catonem

351 2839 421 2887 44
457 2833 712 2889 moucuis
746 2838 805 2902 L,
844 2847 981 2887 corr.
1018 2849 1088 2886 m.
1126 2836 1159 2886 1
1205 2834 1226 2901 ιΙ
1271 2838 1340 2887 45
1381 2863 1395 2876 ·
1422 2838 1507 2886 iffi
1535 2863 1548 2876 ·
1586 2837 1637 2887 et
1669 2830 1920 2886 timbrim
1957 2838 1998 2883 L
2024 2833 2045 2901 ΙΙ
2082 2836 2153 2886 46
2193 2831 2347 2886 elon-

208 2907 414 2974 quente
450 2911 491 2957 L
532 2907 553 2975 ss
588 2910 656 2960 47
695 2905 953 2959 sanatum
988 2911 1029 2958 1.
1056 2905 1077 2973 ΙΙ
1103 2909 1173 2958 49
1210 2903 1373 2959 tarde
1411 2901 1834 3017 Marm'³1tssr{i
1871 2908 1906 2954 c
1944 2921 1977 2955 a
2011 2909 2052 2955 L
2084 2904 2094 2974 Ι
2125 2902 2347 2959 reducis

207 3035 242 3081 c
277 3035 318 3081 L
352 3029 470 3096 (hic
514 3030 536 3083 i
581 3045 649 3084 ex
693 3045 729 3084 a
762 3044 900 3084 corr.
945 3048 1016 3085 m.
1062 3032 1150 3097 1).·
1200 3029 1432 3085 reduces
1477 3035 1524 3082 A
1565 3030 1575 3093 1
1618 3028 1874 3094 ulnis}
1908 3032 1961 3099 (s
1998 3046 2035 3083 a
2069 3045 2139 3083 m.
2177 3033 2249 3093 2‚·
2295 3030 2359 3083 in

206 3116 316 3156 ras.
355 3106 474 3156 erat
510 3103 558 3171 s)
604 3106 645 3153 L
681 3101 702 3170 ΙΙ
737 3104 804 3154 51
844 3102 1069 3157 notibus
1105 3101 1178 3168 L,
1215 3117 1355 3156 corr.
1391 3118 1461 3155 m.
1499 3106 1532 3155 1
1561 3102 1582 3170 ΙΙ
1609 3106 1676 3155 53
1716 3116 1908 3155 exeres
1951 3100 2191 3155 Markl.=
2231 3118 2357 3157 exe-

204 3170 282 3226 ris
320 3177 355 3223 G
392 3191 426 3225 a
471 3178 512 3224 L
555 3173 577 3242 ΙΙ
621 3176 689 3227 55
735 3172 921 3228 Ludes
966 3179 1007 3226 L
1048 3176 1112 3228 ςε
1157 3172 1381 3227 Laudas
1428 3177 1475 3224 A
1512 3178 1547 3224 c
1591 3173 1601 3241 Ι
1644 3171 1911 3227 haectora
1944 3173 2077 3226 tess.
2134 3177 2175 3223 L
2220 3174 2241 3241 u
2286 3178 2355 3227 56

203 3242 385 3298 aurim
420 3250 461 3296 L
495 3245 516 3313 11
551 3247 620 3298 59
657 3244 969 3313 proferetur
1019 3250 1054 3296 c
1089 3250 1157 3299 L:
1204 3243 1515 3313 preferetur
1549 3247 1596 3297 A
1634 3244 1645 3313 l
1677 3243 1862 3298 orfeus
1911 3247 1958 3294 A
1992 3248 2033 3295 L
2071 3244 2092 3312 ΙΙ
2129 3248 2199 3298 60
2236 3243 2356 3298 cul·

204 3314 449 3371 minibus
496 3315 537 3368 ς
580 3333 639 3369 aa
687 3315 1016 3371 fulminibus
1062 3315 1183 3382 (uel
1218 3315 1407 3384 flum.)
1455 3320 1490 3366 0
1534 3313 1863 3370 fulminibus
1912 3330 1980 3369 ex
2027 3313 2354 3370 fluminibus

201 3401 340 3442 corr.
377 3403 447 3443 m.
495 3392 527 3441 1
564 3392 606 3439 L
640 3388 662 3456 ΙΙ
697 3393 765 3442 62
802 3386 949 3441 Hinc
996 3390 1058 3441 ςε
1105 3385 1229 3440 Huc
1267 3391 1302 3437 c
1339 3404 1373 3438 a
1407 3391 1448 3438 L
1494 3385 1581 3440 Tu
1618 3387 1804 3456 edd.·u
1850 3391 1917 3441 66
1955 3383 2227 3440 far-salica
2262 3391 2303 3437 L
2340 3387 2360 3466 [1

16 3443 19 3560 J
205 3463 280 3513 67
326 3456 487 3525 Quod
526 3458 770 3513 Marma
809 3457 929 3524 Quo
968 3463 1003 3509 c
1040 3475 1074 3510 a
1108 3463 1149 3509 L
1185 3456 1262 3511 Et
1295 3457 1457 3512 Dom.
