2517 3909
896 204 1272 261 SILUARUM
1309 205 1370 259 L.
1409 206 1477 274 ΙΙ,
1517 213 1567 261 3.
2230 208 2314 272 51

1193 420 1311 485 ΠΙ.

775 559 1026 615 ARBOR
1061 560 1314 615 ATEDII
1350 559 1716 615 MELIORIS.

173 687 340 773 Stat,
388 708 556 772 quae
601 687 974 771 perspicuas
1019 688 1210 752 nitidi
1256 686 1547 754 Melioris
1597 691 1831 771 opacat

170 776 397 841 Arbor
445 798 647 861 aquas
693 778 1027 860 complexa
1073 777 1270 858 lacus,
1318 798 1482 861 quae
1528 775 1759 842 robore
1807 777 1887 842 ab
1934 778 2068 843 imo

171 866 532 932 Incuruata
574 866 757 930 uadis
800 865 969 930 redit
1012 865 1161 930 inde
1207 866 1538 932 cacumine
1585 869 1763 930 recto

167 955 420 1039 Ardua,
467 976 584 1019 ceu
629 954 857 1019 mediis
904 955 1140 1019 iterum
1184 958 1494 1020 nascatur
1538 954 1620 1018 ab
1667 953 1857 1019 undis

166 1044 394 1129 Atque
440 1043 697 1109 habitet
739 1044 1020 1108 uitreum
1064 1044 1280 1109 tacitis
1330 1043 1658 1109 radicibus
1682 1064 1981 1109 amnem.
2280 1061 2312 1111 5

168 1132 342 1208 Quid
388 1131 727 1198 Phoebum
771 1136 908 1197 tam
954 1155 1159 1217 parua
1204 1131 1474 1217 rogem?
1518 1154 1639 1198 uos
1687 1131 1876 1196 dicite
1924 1155 2151 1199 causas
2162 1185 2181 1218 ‚

164 1220 436 1305 Naides,
482 1224 548 1286 et
591 1221 832 1309 faciles,
878 1222 1036 1286 satis
1084 1225 1201 1306 est,
1250 1222 1399 1286 date
1447 1221 1737 1287 carmina
1783 1220 2009 1287 Fauni.

166 1308 634 1394 Nympharum
678 1313 939 1374 tenerae
984 1310 1328 1396 fugiebant
1372 1309 1557 1376 Pana
1602 1313 1929 1394 cateruae3

165 1398 293 1463 Ille
344 1399 603 1483 quidem
647 1400 718 1483 it,
763 1402 1028 1464 cunctas
1073 1405 1411 1483 tamquam
1456 1400 1633 1485 uelit,
1677 1400 1731 1463 it
1775 1403 1995 1464 tamen
2040 1422 2241 1465 unam

166 1486 247 1550 In
294 1485 606 1552 Pholoen.
697 1487 878 1552 siluis
923 1488 1088 1553 haec
1134 1488 1637 1573 fluminibusque
1687 1489 2011 1573 sequentis
2243 1505 2312 1555 1ο

167 1574 364 1640 Nunc
412 1575 622 1641 hirtos
669 1597 947 1662 gressuS,
991 1599 1166 1642 nunc
1210 1577 1509 1661 improba
1555 1599 1800 1643 cornua
1845 1578 2026 1643 uitat.

169 1663 446 1749 Iamque
495 1667 559 1728 et
603 1665 990 1750 belligerum
1036 1666 1182 1731 Iani
1225 1688 1453 1731 nemus
1502 1669 1771 1751 atraque
1820 1663 1975 1731 Caci

168 1752 355 1817 Rura
402 1752 894 1839 Quirinalesque
940 1756 1098 1840 fuga
1145 1776 1458 1839 suspensa
1502 1776 1618 1839 per
1665 1776 1859 1840 agros

169 1839 432 1907 Coelica
474 1846 655 1908 tesca
701 1842 904 1925 subit3
949 1845 1041 1909 ibi
1089 1843 1345 1909 demum
1391 1845 1564 1909 uicta
1607 1844 1851 1927 labore,

165 1929 374 1996 Fessa
422 1934 618 2015 metm,
665 1953 791 2015 qua
833 1953 1009 1997 nunc
1054 1933 1294 2015 placidi
1337 1932 1631 1998 Melioris
1680 1932 1886 2015 aperti
2245 1947 2311 1997 15

170 2018 367 2084 Stant
416 2019 552 2085 sine
597 2020 825 2085 fraude
871 2022 1061 2106 lares,
1105 2021 1312 2086 flauos
1359 2022 1627 2107 collegit
1672 2021 1945 2085 amictus

166 2108 398 2173 Artius
447 2112 515 2173 et
557 2109 785 2173 niueae
831 2112 1053 2193 posuit
1100 2132 1168 2175 se
1215 2111 1510 2197 margine
1556 2112 1754 2195 ripae.

167 2196 549 2282 Insequitur
593 2200 784 2264 uelox
827 2220 1135 2282 pecorum
1181 2199 1339 2265 deus
1389 2204 1456 2264 et
1501 2223 1620 2265 sua
1665 2199 1868 2265 credit

168 2283 495 2371 Conubia3
543 2286 794 2351 ardenti
839 2288 1107 2354 iamiam
1155 2289 1436 2373 suspiria
1479 2290 1679 2354 librat

170 2374 463 2458 Pectore,
510 2374 642 2440 iam
687 2376 963 2461 praedae
1009 2378 1174 2443 leuis
1218 2378 1531 2444 imminet.
1624 2399 1768 2446 ecce
1816 2377 2051 2443 citatos
2242 2396 2312 2445 20

166 2462 478 2529 Aduertit
521 2463 737 2530 Diana
783 2466 1039 2551 gradus,
1086 2467 1237 2531 dum
1284 2488 1402 2552 per
1446 2468 1604 2553 iuga
1650 2470 1899 2551 septem

165 2552 364 2620 Errat
411 2551 911 2639 Auentinaeque
959 2555 1121 2640 legit
1165 2556 1447 2641 uestigia
1492 2577 1733 2621 cernae.

165 2640 499 2707 Paenituit
542 2642 784 2707 uidisse
820 2644 1024 2728 deam,
1070 2665 1510 2728 conuersaque
1555 2645 1718 2710 fidas

168 2729 269 2794 Ad
317 2732 622 2796 comites:
682 2730 1150 2817 ‘numquamne
1207 2733 1414 2798 auidis
1462 2734 1692 2799 arcebo
1738 2732 1987 2817 rapinis

167 2818 309 2884 Hoc
353 2820 660 2903 petulans
708 2820 1096 2905 foedumque
1141 2844 1357 2906 pecus,
1404 2842 1781 2907 semperque
1828 2821 2042 2906 pudici
2236 2837 2303 2887 25

168 2906 518 2974 Decrescet
564 2909 724 2973 mihi
768 2909 961 2974 turba
1007 2910 1264 2975 choriP'
1314 2912 1404 2976 sic
1452 2911 1682 2975 deinde
1724 2912 1942 2975 locuta

305 3189 402 3244 IH.
444 3196 474 3242 1
515 3192 719 3260 opacet
755 3196 790 3242 G
810 3209 860 3261 a,
897 3208 1036 3246 corr.
1077 3196 1113 3246 ς
1141 3194 1160 3261 ΙΙ
1188 3199 1219 3246 3
1248 3192 1550 3248 Incuruata
1588 3197 1624 3248 ς
1637 3214 1651 3247 =
1689 3191 1937 3247 Curuata
1968 3198 2003 3244 c
2031 3210 2065 3245 a
2099 3194 2304 3248 Accur-

171 3261 298 3315 uata
337 3261 664 3316 Politianus
697 3263 778 3331 [14
813 3262 977 3317 uadis
1014 3268 1061 3315 Δ
1080 3262 1110 3296 *
1129 3269 1189 3318 c:
1227 3263 1389 3321 nodis
1427 3269 1463 3319 ς
1499 3263 1560 3318 in
1595 3264 1771 3319 nodos
1806 3264 1968 3319 Dom.
2007 3265 2027 3333 ΙΙ
2055 3270 2087 3318 9
2125 3265 2184 3320 et
2217 3266 2303 3319 ta·

172 3347 292 3385 men
329 3337 367 3384 c
405 3350 440 3385 a
474 3334 495 3401 ΙΙ
534 3337 602 3387 10
638 3333 779 3387 haee
815 3332 901 3386 Δ*
937 3339 996 3388 c:
1037 3337 1095 3390 et
1133 3339 1169 3389 ς
1206 3337 1226 3404 ΙΙ
1262 3341 1331 3389 14
1366 3337 1524 3390 tesca
1562 3336 1802 3390 Markl.:
1846 3336 2002 3389 tecta
2043 3342 2078 3388 c
2115 3353 2149 3388 a
2182 3338 2188 3401 Ι
2220 3335 2304 3388 ibi

171 3404 214 3452 A
247 3408 304 3456 c:
353 3402 469 3457 iam
509 3408 545 3458 ς
582 3406 698 3474 1116
736 3403 937 3460 fluidos
979 3410 1014 3459 ς
1052 3408 1072 3475 ΙΙ
1116 3412 1180 3460 17
1219 3405 1390 3461 uiridi
1425 3425 1478 3476 p.
1520 3422 1579 3461 se
1615 3404 1867 3474 margine
1905 3406 1993 3459 uel
2028 3405 2196 3460 uitrei
2232 3435 2300 3443 —

173 3470 271 3526 riui
310 3474 521 3529 Markl.
552 3476 573 3544 n
602 3480 668 3530 18
708 3476 935 3531 credens
973 3478 1113 3531 idem
1140 3479 1159 3547 11
1187 3482 1254 3531 22
1295 3493 1492 3531 ceruae
1528 3481 1575 3528 Δ
1612 3482 1671 3528 c:
1708 3478 1894 3529 terrae
1934 3479 1969 3528 ς

1796 3559 1871 3614 4*
