2517 3909
277 118 396 181 172
943 129 1007 177 Ρ.
1050 128 1318 177 Parnm
1363 127 1595 176 sum

270 288 505 350 Aeriam
543 285 867 365 Rhodopen
904 285 1090 347 solida
1130 285 1264 345 nive
1298 282 1573 345 verberat
1606 282 1848 359 Arctos,

270 372 396 433 Nec
438 373 640 449 fragor
672 370 968 431 Ausoniae
1005 379 1225 446 tantus,
1268 387 1442 448 quum
1480 367 1743 446 Iuppiter
1782 370 1934 429 omui

272 458 432 517 Arce
466 465 658 532 tonat,
703 463 860 515 tanta
903 457 1153 535 quatitur
1190 471 1303 514 nec
1344 453 1628 531 grandine
1669 454 1879 530 Syrtis,
2169 464 2282 519 410

274 541 460 615 Quum
499 540 716 616 Libyae
755 539 978 600 Boreas
1015 539 1199 600 Italos
1245 539 1414 616 niger
1452 537 1641 600 attulit
1680 537 1919 600 imbres.

271 624 601 687 Exclusere
645 626 799 686 diem
835 623 1001 700 telis,
1049 632 1200 684 stant
1236 623 1433 683 ferrea
1477 622 1651 683 coelo

271 709 519 786 Nubila,
565 728 678 769 nec
715 708 919 769 iaculis
956 718 1210 769 arctatus
1252 707 1468 767 suflicit
1512 724 1633 768 aer.

271 794 344 855 Hi
386 803 631 873 pereunt
670 794 895 869 missis,
941 792 1027 853 illi
1068 791 1446 854 redeuntibus
1488 791 1691 868 hastis,

277 876 637 942 Concurrunt
678 895 788 957 per
826 879 995 938 inane
1037 878 1249 953 sudes,
1297 885 1357 936 et
1397 884 1588 937 mutua
1629 878 1877 955 perdunt
2169 889 2281 944 415

271 963 564 1041 Vulnera,
607 971 955 1024 concurrunt
996 962 1232 1037 hastae,
1274 961 1574 1022 stridentia
1617 961 1820 1024 funda·

275 1049 431 1109 Saxa
475 1047 702 1127 pluunt,
745 1047 1019 1108 volueres
1052 1048 1340 1107 imitantur
1380 1045 1610 1123 fulgura
1649 1045 1894 1123 glandes

274 1132 349 1193 Et
387 1131 778 1193 formidandae
819 1149 934 1191 non
969 1149 1080 1191 una
1123 1133 1181 1191 in
1219 1139 1410 1190 morte
1454 1131 1720 1208 sagittae.

272 1216 403 1277 Nec
444 1218 613 1278 locus
655 1216 728 1278 ad
770 1225 984 1277 terram
1025 1215 1193 1293 telis,
1238 1217 1298 1275 in
1342 1231 1595 1294 corpora
1637 1215 1855 1276 ferrum

278 1300 459 1362 Omne
496 1302 680 1369 cadit;
728 1318 911 1379 saepe
951 1301 1136 1377 ignari
1173 1302 1579 1379 perimuntque
1623 1301 1969 1380 caduntque.
2059 1302 2116 1385 ξ’
2165 1313 2279 1368 420

278 1383 464 1447 Casus
505 1387 625 1464 agit
659 1385 901 1446 Virtutis
944 1402 1123 1463 opus;
1157 1403 1313 1445 nunc
1353 1384 1522 1445 turba
1563 1384 1810 1461 recedit,
2182 1404 2194 1418 ·

273 1470 440 1532 Nunc
479 1471 717 1550 premit,
765 1486 835 1530 ac
878 1469 1105 1529 vicibus
1142 1470 1412 1531 tellurem
1453 1469 1657 1530 amittit
1690 1478 1753 1529 et
1793 1469 2014 1530 aufert:

275 1555 353 1616 Ut
391 1556 579 1617 ventis
619 1554 940 1633 nimbisque
980 1555 1174 1615 minax
1216 1573 1391 1633 quum
1436 1553 1614 1614 solvit
1652 1552 1911 1615 habenas

274 1639 540 1720 Iuppiter
580 1639 903 1717 affligitque
945 1639 1171 1699 alterno
1216 1639 1445 1700 turbine
1487 1639 1772 1699 mundum.

277 1726 404 1786 Stat
444 1725 599 1786 coeli
642 1724 873 1785 diversa
916 1725 1109 1801 acies,
1148 1742 1303 1784 nunc
1335 1723 1544 1783 fortior
1585 1722 1805 1798 Austri,
2165 1734 2276 1788 425

273 1807 441 1870 Nunc
476 1810 781 1888 Aquilonis
823 1807 1040 1885 hiems,
1087 1809 1281 1870 donec
1321 1816 1615 1887 pugnante
1657 1807 1924 1887 procella

277 1894 393 1955 Aut
429 1896 615 1955 nimiis
657 1894 754 1954 hic
794 1894 935 1954 vicit
972 1894 1170 1972 aquis,
1216 1902 1313 1953 aut
1352 1893 1456 1953 ille
1500 1908 1735 1953 sereno.

403 1979 751 2059 Principium
793 1996 1025 2057 pugnae
1063 1988 1279 2039 turmas
1321 1978 1582 2056 Asopius
1625 1975 1900 2056 Hypseus

279 2064 586 2140 Oebalias,
629 2081 876 2142 namque
919 2063 1030 2122 hae
1072 2081 1341 2140 magnum
1383 2071 1445 2122 et
1483 2062 1703 2139 gentile
1747 2071 2037 2124 tumentes

275 2148 597 2209 Euboicum
640 2149 797 2209 duris
842 2156 1110 2227 rumpunt
1151 2146 1497 2207 umbonibus
1540 2165 1769 2225 agmen,
2167 2157 2279 2213 430

280 2233 556 2314 Reppulit
598 2241 803 2311 erepto
850 2233 1018 2293 cunei
1061 2232 1306 2293 ductore
1347 2229 1637 2293 Menalca.

276 2319 386 2380 Hic
430 2327 489 2378 et
524 2325 715 2377 mente
759 2316 987 2393 Lacon,
1025 2317 1188 2378 crudi
1230 2318 1507 2384 torrentis
1551 2316 1832 2391 alumnuS,

276 2402 406 2464 Nec
448 2403 699 2481 turpavit
740 2418 916 2478 avos,
959 2401 1183 2462 hastam
1220 2402 1371 2462 intra
1407 2410 1617 2479 pectus
1657 2383 1907 2475 equitem,

276 2487 367 2547 Ne
413 2487 602 2567 pudor
645 2487 702 2546 in
738 2495 944 2564 tergo,
989 2503 1100 2566 per
1137 2495 1196 2547 et
1236 2503 1375 2546 ossa
1411 2494 1472 2547 et
1511 2487 1742 2545 viscera
1782 2493 1943 2545 retro

278 2571 543 2632 Extrahit
581 2580 755 2650 atque
797 2572 951 2631 hosti
993 2571 1198 2632 dextra
1244 2569 1481 2631 labente
1524 2572 1758 2630 remittit
2171 2578 2278 2633 435

280 2657 698 2734 Sanguineam;
744 2654 958 2718 dilecta
998 2657 1168 2733 genis
1206 2655 1504 2715 morientis
1553 2653 1828 2714 oberrant

281 2742 543 2818 Taygeta
588 2749 647 2801 et
689 2759 919 2819 pugnae
960 2741 1310 2819 laudataque
1352 2738 1601 2800 verbera
1644 2739 1829 2799 matri.

404 2825 755 2887 Phaedimon
791 2825 1021 2886 Iasiden
1068 2843 1208 2885 arcu
1249 2823 1536 2884 Dircaeus
1577 2822 1858 2898 Amyntas

279 2911 564 2972 Destinat.
642 2908 771 2970 Heu
817 2908 1051 2971 celeres
1090 2908 1344 2969 Parcae!
1388 2910 1498 2969 iam
1542 2908 1785 2988 palpitat
1823 2908 1978 2968 arvis

277 2995 653 3071 Phaedimus,
703 3003 761 3054 et
802 2995 947 3053 certi
989 2994 1240 3053 nondum
1279 3002 1438 3053 tacet
1476 3011 1648 3054 arcus
1691 2992 1998 3068 Amyntae.
2172 3002 2281 3057 440

279 3080 535 3141 Abstulit
578 3097 653 3138 ex
694 3079 933 3138 humero
977 3078 1240 3139 dextram
1285 3076 1643 3153 Calydonius
1685 3076 1923 3154 Agreus

278 3164 582 3241 Phegeos;
628 3164 730 3224 illa
774 3180 936 3222 suum
970 3171 1128 3222 terra
1171 3172 1333 3222 tenet
1368 3161 1613 3242 inproba
1658 3162 1894 3237 ferrum,

279 3248 356 3309 Et
395 3257 620 3314 movet;
665 3247 925 3307 extimuit
966 3264 1169 3325 sparsa
1211 3249 1367 3306 inter
1408 3247 1527 3309 tela
1567 3248 1855 3307 iacentem

278 3330 700 3408 Progrediens,
744 3330 1122 3410 'truncamque
1166 3340 1358 3391 tamen
1399 3332 1695 3410 percussit
1736 3329 2020 3391 Acoetes.

279 3410 445 3493 Iphin
483 3422 652 3474 atrox
694 3412 1001 3491 AthamaS,
1046 3413 1267 3492 Argum
1309 3415 1471 3476 ferus
1511 3415 1718 3496 inpulit
1762 3415 2059 3495 Hypseus,
2174 3423 2280 3478 445
