2517 3909
326 84 446 147 130
988 97 1052 145 P.
1098 95 1368 144 mmm
1408 94 1641 145 sum

321 253 655 333 Promerni,
698 271 807 333 ne,
857 270 1112 334 quaeso,
1156 254 1315 315 sinas
1355 251 1475 314 hoc
1506 253 1695 314 omine
1738 251 1972 314 Thebas

320 338 450 419 Ire,
493 359 606 402 nec
648 337 937 401 Arcadiae
979 346 1198 400 tantum
1238 340 1524 399 meruisse
1568 337 1895 418 pudorem.'

456 424 725 487 Auditum
766 423 1071 485 manifesta
1112 424 1294 494 iides3
1336 425 1438 484 vix
1481 441 1715 503 campus
1756 431 1986 485 euntem

322 510 547 587 Sentit,
589 518 653 570 et
691 508 865 569 exilis
906 508 1119 589 plantis
1163 510 1473 571 intervenit
1506 527 1632 585 aer,

316 595 591 675 Raraque
631 611 747 654 non
787 593 975 655 fracto
1016 595 1266 674 vestigia
1300 594 1548 675 pulvere
1585 591 1865 673 pendent,
2217 597 2329 653 640

315 680 536 760 Inrupit
575 678 834 740 clamore
877 679 1075 757 fores,
1125 678 1383 741 clamore
1428 678 1678 739 recurrit

315 765 470 825 Ante
517 764 722 826 ducem
762 781 1095 844 prensaque
1136 765 1295 825 levat
1338 764 1591 843 suspiria
1631 761 1843 841 palma.

314 848 489 911 Finiti
534 863 773 925 cursus,
819 865 1182 929 operumque
1225 850 1473 927 insignia
1516 854 1777 927 praesto.

315 935 507 996 Arcas
552 951 761 1013 equum
798 933 983 1011 dono,
1028 932 1279 1013 clipeum
1324 934 1477 1012 gerit
1519 929 1800 1010 inprobus
1842 927 1998 1006 Idas,

320 1017 536 1080 Cetera
575 1017 746 1098 plebs
790 1016 980 1095 Lyciis
1022 1018 1183 1079 vadit
1218 1026 1489 1079 contenta
1525 1014 1837 1097 pharetris.
2213 1020 2322 1077 645

440 1102 602 1164 Tunc
644 1111 851 1180 vocat,
896 1104 1108 1163 emisso
1159 1104 1210 1162 si
1251 1104 1382 1182 quis
1417 1103 1743 1163 decernere
1784 1098 1951 1160 disco

314 1188 557 1269 Inpiger
600 1197 660 1249 et
697 1188 854 1248 vires
896 1188 1043 1248 velit
1084 1196 1382 1248 ostentare
1424 1185 1733 1266 superbas.

313 1273 368 1335 lt
409 1273 603 1338 iussus
644 1270 944 1349 Pterelae,
991 1280 1051 1332 et
1093 1271 1318 1332 ahenae
1364 1270 1588 1332 lubrica
1626 1285 1855 1330 massae

313 1357 582 1420 Pondera
621 1357 721 1416 vix
757 1364 880 1417 toto
928 1365 1198 1418 curvatus
1241 1359 1497 1436 corpore
1538 1356 1694 1415 iuxta

313 1440 538 1511 Deicit;
586 1442 912 1520 inspectant
949 1442 1112 1501 taciti
1149 1442 1601 1521 expenduntque
1645 1438 1908 1500 laborem
2208 1444 2321 1501 650

312 1524 660 1604 Inachidae,
703 1541 838 1585 mox
881 1521 1048 1586 turba
1090 1535 1290 1603 ruunt,
1333 1525 1446 1587 duo
1490 1525 1683 1603 gentis
1719 1523 2022 1599 Achaeae,

316 1610 466 1671 Tres
502 1608 942 1688 Ephyreiadae,
985 1608 1117 1671 Pisa
1162 1620 1325 1671 satus
1364 1629 1547 1688 nnus,
1594 1608 1866 1669 Acarnan

316 1696 644 1775 Septimus3
688 1702 746 1754 et
787 1694 991 1774 plures
1034 1694 1295 1773 agitabat
1324 1695 1551 1773 gloria,
1595 1694 1654 1753 ni
1699 1712 1768 1753 se

313 1778 547 1840 Arduus
588 1777 995 1860 Hippomedon
1037 1797 1222 1841 cavea
1264 1780 1593 1840 stimulante
1631 1778 1860 1839 tulisset

313 1862 382 1925 In
424 1863 682 1940 medios,
723 1863 958 1943 lateque
1003 1864 1202 1925 ferens
1245 1864 1353 1924 sub
1392 1871 1639 1944 pectore
1668 1862 1875 1923 dextro
2206 1868 2316 1924 655

318 1946 539 2010 Orbem
576 1946 781 2008 aliumz
821 1947 1023 2009 ‘Hunc
1066 1950 1294 2030 potius,
1338 1949 1615 2025 iuvenes,
1662 1946 1758 2027 qui
1799 1945 2026 2006 moenia
2069 1943 2228 2006 suis

312 2031 653 2111 Frangere,
699 2034 798 2114 qui
840 2031 1044 2109 Tyrias
1091 2032 1380 2094 deiectum
1413 2032 1621 2093 vaditis
1668 2048 1861 2105 arces,

313 2116 484 2179 Hunc
517 2118 735 2197 rapite:
781 2126 870 2178 ast
910 2118 1054 2180 illud
1097 2119 1189 2179 cui
1229 2135 1345 2178 non
1387 2115 1698 2178 iaculabile
1739 2114 1981 2176 dextrae

314 2198 628 2264 Pondus'P'
706 2200 782 2262 Et
823 2200 1125 2283 abreptum
1165 2203 1326 2263 nullo
1372 2202 1672 2263 conamine
1716 2201 1856 2261 iecit

317 2286 385 2349 In
434 2286 615 2356 latum
661 2283 948 2347 absistunt¹
987 2286 1195 2365 procul
1233 2288 1576 2366 attonitique
1618 2286 1870 2346 fatentur
2206 2290 2315 2348 660

320 2370 582 2439 Cedere;
626 2372 725 2431 vix
767 2390 912 2432 unus
948 2370 1244 2450 Phlegyas
1280 2389 1537 2451 acerque
1581 2369 1958 2430 Menestheus
1998 2399 2088 2416 —-

314 2454 442 2517 Hos
486 2455 656 2515 etiam
699 2455 888 2536 pudor
929 2465 991 2517 et
1031 2457 1222 2535 magni
1261 2466 1507 2518 tenuere
1550 2461 1826 2535 parentes
1861 2486 1945 2499 —·-·

317 2538 649 2601 Promisere
688 2539 944 2610 mantum
986 2542 1281 2602 concessit
1315 2550 1516 2602 cetera
1549 2538 1738 2619 pubes

318 2625 578 2702 Sponte,
626 2623 688 2685 et'
726 2624 969 2686 adorato
1010 2624 1184 2686 rediit
1217 2625 1466 2704 ingloria
1509 2624 1693 2685 diseo.

322 2706 525 2781 Qualis
562 2707 834 2770 Bistoniis
878 2709 1103 2789 clipeus
1137 2708 1420 2771 Mavortis
1459 2711 1517 2769 in
1557 2709 1714 2769 arvis
2207 2713 2311 2770 665

316 2790 474 2853 Luce
521 2792 672 2854 mala
712 2792 981 2872 Pangaea
1021 2793 1161 2854 ferit
1202 2795 1506 2874 solemque
1550 2792 1853 2871 refulgens

321 2876 576 2939 Territat
614 2877 963 2957 incussaque
999 2877 1094 2939 dei
1134 2896 1317 2956 grave
1358 2879 1537 2956 mugit
1580 2876 1653 2939 ab
1695 2877 1880 2939 hasta.

440 2960 680 3023 Pisaeus
717 2960 1196 3043 Phlegyas'opus
1231 2962 1496 3040 inchoat,
1538 2972 1607 3022 et
1646 2962 1814 3023 simul
1855 2976 2057 3021 omnes

317 3044 577 3106 Abstulit
619 3046 676 3106 in
718 3063 786 3107 se
825 3048 1034 3107 oculos
1076 3047 1359 3109 exhausto
1404 3063 1657 3127 corpore
1698 3048 1880 3106 virtus
2130 3097 2139 3104 .

318 3129 630 3190 Promissa.
699 3130 790 3191 Ac
828 3132 1072 3211 primum
1110 3141 1269 3193 terra
1316 3131 1653 3211 discumque
1700 3148 2038 3210 manumque
2207 3136 2312 3194 670

320 3213 611 3293 Asperat,
658 3231 909 3276 excusso
951 3234 1087 3277 mox
1127 3218 1344 3278 circum
1386 3216 1629 3297 pulvere
1672 3224 1893 3291 versat,

322 3296 495 3371 Quod
538 3298 686 3360 latus
727 3301 787 3360 in
825 3299 1072 3378 digitos,
1107 3298 1337 3363 mediae
1378 3301 1538 3380 quod
1580 3303 1796 3362 certius
1840 3300 2010 3362 ulnae

324 3376 680 3454 Conveniat3
724 3400 842 3445 non
882 3385 1023 3446 artis
1065 3402 1282 3468 egens,
1324 3385 1419 3462 hic
1459 3404 1695 3467 semper
1734 3387 1916 3448 amori
