2517 3909
827 121 1228 173 THEBAIDos
1266 122 1406 170 mn.
1440 123 1536 171 1x.
2075 109 2192 170 201

330 277 494 339 Talia
541 278 800 339 cernenti
842 278 1186 339 mitis'subit
1233 278 1352 338 alta
1387 277 1609 338 Dianae

199 362 395 424 Corda
438 363 638 440 dolor,
684 363 938 441 fletuque
982 382 1166 442 genas
1210 363 1458 423 violata:
1506 360 1750 436 εΩιξιοᾱ,
1789 361 1992 438 inquit,

202 448 372 508 Nunc
411 447 546 524 tibi,
593 447 747 525 quod
791 448 892 507 leti
939 466 1211 528 quaeram
1255 448 1364 509 dea
1405 447 1516 507 fida
1560 446 1872 525 propinqui

197 529 530 610 Effugium?
574 531 799 591 haecne
839 533 994 593 ultro
1037 533 1368 611 properasti
1411 532 1483 592 ad
1526 531 1784 611 proelia,
1830 548 2010 590 saeve
2096 536 2201 592 715

197 618 294 678 Ac
335 616 662 676 miserande
705 613 892 695 puer?
938 618 1113 677 cruda
1159 617 1271 676 heu
1315 616 1644 695 festinaque
1683 617 1864 675 virtus

203 703 400 762 Suasit
443 710 503 760 et
542 700 825 760 hortatrix
867 702 1107 761 animosi
1148 701 1340 777 gloria
1377 700 1501 760 leti.

205 785 451 846 Scilicet
494 793 797 862 angustum
838 786 1160 845 iamdudum
1197 785 1538 862 urgentibus
1583 785 1744 843 annis

201 869 550 930 Maenalium
592 868 731 946 tibi,
775 887 989 948 parve,
1035 887 1270 946 nemuS,
1312 887 1538 948 perque
1581 877 1745 935 antra.
1778 867 2031 928 ferarum

202 955 322 1014 Vix
363 963 518 1015 tutae
562 955 687 1013 sine
721 963 904 1014 matre
947 955 1113 1030 viae,
1160 954 1450 1014 silvestria
1495 954 1656 1014 cuius
2098 959 2203 1013 720
2261 1002 2264 1008 Α

203 1039 469 1099 Nondum
508 1038 626 1098 tela
673 1057 895 1118 procax
938 1056 1253 1117 arcumque
1296 1037 1521 1116 inplere
1557 1036 1818 1097 valebas.

210 1123 288 1184 Et
327 1142 477 1183 nunc
520 1122 617 1182 illa
660 1141 818 1183 meas
854 1125 1148 1200 ingentem
1194 1122 1415 1200 plangit
1457 1122 1528 1182 ad
1573 1139 1702 1182 aras

209 1206 484 1268 Invidiam
527 1208 845 1285 surdasque
889 1208 1052 1268 fores
1097 1216 1157 1267 et
1201 1207 1393 1267 limina
1443 1207 1642 1267 lassat.

211 1291 294 1352 Tu
342 1292 545 1352 dulces
585 1292 758 1352 lituos
806 1292 1139 1370 ululataque
1184 1291 1411 1370 proelia
1445 1292 1669 1368 gaudes

208 1375 379 1436 Felix
420 1386 481 1436 et
523 1378 769 1437 miserae
813 1385 1026 1436 tantum
1071 1377 1329 1455 periture
1372 1377 1644 1454 parenti?
1843 1416 1848 1421 -
2102 1378 2205 1434 725

207 1461 297 1520 Ne
339 1470 530 1521 tamen
570 1471 833 1521 extremo
877 1461 1089 1521 frustra
1127 1463 1428 1520 morientis
1467 1460 1675 1520 honori

207 1545 491 1622 Affuerit,
536 1547 692 1606 venit
729 1547 787 1604 in
827 1545 1051 1605 medios
1098 1545 1347 1622 caligine
1383 1545 1542 1604 fulva

207 1632 393 1709 Septa
432 1629 684 1708 globos,
730 1631 1088 1710 primumque
1133 1627 1300 1688 leves
1342 1629 1530 1689 furata
1569 1629 1810 1705 sagittas

205 1715 468 1776 Audacis
510 1725 680 1794 tergo
723 1716 893 1795 pueri
932 1712 1292 1774 coelestibus
1334 1713 1517 1791 inplet
2052 1780 2065 1795 e

211 1799 476 1874 Coryton
518 1799 685 1876 telis,
734 1816 975 1879 quorum
1017 1801 1142 1859 sine
1188 1799 1469 1877 sanguine
1513 1796 1730 1857 nullum
2101 1799 2207 1855 730

206 1883 447 1963 Effugit.
542 1883 854 1944 Ambrosio
897 1893 1034 1943 tunc
1075 1884 1300 1961 spargit
1341 1881 1598 1942 membra
1642 1881 1894 1958 liquore,

209 1970 453 2048 Spargit
490 1988 733 2047 equum,
774 1987 847 2028 ne
891 1985 1005 2045 quo
1049 1977 1365 2027 temeretur
1404 1967 1648 2025 vulnere
1696 1981 1912 2043 corpus

207 2053 363 2114 Ante
409 2072 645 2131 necem,
691 2061 1008 2131 cantusque
1053 2068 1256 2111 sacros
1295 2060 1355 2111 et
1400 2052 1632 2110 conscia
1673 2051 1879 2108 miscet

206 2136 533 2215 Murmura,
583 2138 831 2197 secretis
875 2156 1026 2215 quae
1075 2134 1389 2196 Colchidas
1431 2138 1560 2215 ipsa
1600 2133 1704 2194 sub
1751 2133 1928 2193 antris

206 2221 404 2282 Nocte
447 2222 623 2282 docet
659 2231 1051 2300 monstratque
1091 2221 1250 2280 feras
1288 2219 1701 2299 quaerentibus
1746 2216 1980 2279 herbas.
2106 2222 2207 2276 735

342 2306 503 2367 Tunc
538 2325 682 2366 vero
727 2314 932 2367 exerto
971 2305 1353 2366 circumvolat
1389 2307 1596 2383 igneus
1632 2321 1793 2378 arcu,

205 2392 339 2454 Nec
382 2410 447 2450 se
491 2401 681 2452 mente
723 2392 876 2468 regit
919 2391 1141 2470 patriae
1188 2391 1384 2451 matris
1429 2408 1502 2452 ue
1546 2390 1754 2467 suique

207 2477 532 2553 Inmemor,
578 2486 636 2537 et
674 2478 903 2536 nimium
940 2474 1300 2535 coelestibus
1343 2484 1423 2534 ut1
1452 2493 1517 2534 ur
1558 2473 1750 2535 armis.

207 2562 290 2622 Ut
330 2561 460 2636 leo,
502 2563 593 2620 cui
633 2578 817 2640 parvo
865 2569 1049 2619 mater
1095 2557 1337 2620 Gaetula
1382 2567 1656 2618 cruentos

211 2647 494 2724 Suggerit
534 2647 663 2724 ipsa
703 2645 906 2720 cibos,
952 2662 1122 2722 quum
1170 2645 1410 2723 primum
1453 2661 1730 2702 crescere
1770 2642 1954 2701 sensit
2109 2645 2212 2701 740

214 2731 389 2791 Colla
426 2729 574 2790 iubis
617 2740 935 2808 torvusque
972 2745 1160 2788 novos
1202 2729 1468 2807 respexit
1504 2727 1575 2787 ad
1620 2745 1864 2805 ungnes,

208 2816 548 2892 Indignatur
584 2815 692 2891 ali,
738 2814 1085 2892 tandemque
1131 2813 1351 2872 effusus
1397 2820 1633 2891 apertos

207 2899 387 2960 Liber
422 2908 571 2958 amat
615 2916 853 2977 campos
899 2907 957 2958 et
1000 2898 1189 2957 nescit
1228 2898 1287 2956 in
1331 2907 1491 2957 antra
1533 2899 1772 2958 reverti.

211 2983 414 3059 QuoS,
455 3001 599 3060 age,
639 2983 943 3043 Parrhasio
988 2983 1229 3057 sterniS,
1273 3000 1420 3060 puer
1457 2981 1732 3059 inprobe,
1781 2978 2006 3042 cornu?

206 3068 398 3128 Prima
444 3066 844 3145 Tanagraeum
887 3066 1137 3125 turbavit
1179 3065 1398 3126 arundo
1444 3063 1812 3126 Choroebum
2107 3071 2210 3128 745

208 3151 494 3213 Extremo
536 3153 748 3229 galeae
794 3152 1099 3230 primoque
1136 3151 1192 3210 in
1234 3150 1492 3227 margine
1537 3169 1772 3229 parmae

209 3236 479 3314 Angusta
517 3238 850 3298 transmissa
894 3237 1022 3311 via,
1064 3243 1178 3295 stat
1220 3234 1484 3294 faucibus
1527 3235 1677 3305 unda

211 3321 557 3398 SanguiniS,
605 3329 665 3381 et
710 3321 864 3381 sacri
904 3320 1091 3379 facies
1133 3318 1303 3379 rubet
1344 3320 1479 3396 igne
1522 3318 1753 3378 veneni.

341 3407 586 3467 Saevius
619 3404 935 3481 Eurytion,
983 3405 1075 3465 cui
1110 3403 1336 3465 luminis
1375 3403 1522 3463 orbe
1563 3403 1796 3462 sinistro
