2517 3909
396 113 478 176 84
1059 127 1124 176 P.
1167 126 1436 176 mrum
1478 127 1711 178 s‘rA‘rn

397 284 726 363 spirantum
765 282 958 353 rahie;
1001 301 1116 346 nec
1153 284 1305 346 tristi
1342 283 1680 348 incumbere
1712 284 1883 345 sulco

400 366 584 444 Cura,
626 367 733 429 sed
771 367 1054 429 alternum
1095 369 1333 449 cupiunt
1371 369 1604 432 haurire
1647 386 1935 432 cruorem.
2282 376 2385 430 560

395 453 664 514 Proxima
704 462 962 514 natarum
997 471 1199 514 manus
1233 462 1360 530 est,
1402 453 1638 534 fletique
1672 463 1941 533 nepotes.

393 537 502 599 Hic
540 536 738 599 orbam
772 536 1088 599 Autonoen
1127 548 1189 598 et
1228 538 1495 600 anhelam
1536 540 1825 602 cernimus
1864 537 1968 600 Ino

394 621 851 701 Respectantem
892 640 1065 684 arcus
1107 632 1169 683 et
1209 622 1284 683 ad
1327 622 1508 686 ubera
1547 622 1721 684 dulce
1770 630 2130 703 prementem

392 706 639 785 Pignus,
685 717 744 768 et
784 707 1072 786 oppositis
1113 708 1389 770 Semelen
1432 726 1465 768 a
1504 716 1709 770 ventre
1748 708 2007 772 lacertis.

391 791 649 854 Penthea
691 794 802 853 iam
842 792 1047 854 fractis
1087 793 1360 869 genetrix
1403 790 1679 856 Cadmeia
1711 792 1949 867 thyrsis,
2278 798 2380 854 565

393 877 513 938 Iam
554 877 786 937 dimissa
827 877 976 953 deo,
1012 886 1340 956 pectusque
1376 877 1654 955 adaperta
1700 886 1997 938 cruentum

391 961 722 1040 Insequitur
764 961 1027 1040 planctu3
1072 961 1221 1039 fugit
1258 962 1360 1022 ille
1406 980 1516 1041 per
1556 963 1685 1024 avia
1723 960 1939 1022 Lethes

392 1045 471 1107 Et
507 1047 746 1124 Stygios
790 1064 1155 1125 superosque
1194 1046 1391 1123 lacus,
1437 1045 1537 1107 uhi
1577 1047 1767 1108 mitior
1808 1045 1969 1106 illum

393 1130 529 1192 Flet
568 1139 737 1209 pater
781 1139 841 1191 et
872 1130 1132 1192 lacerum
1172 1132 1468 1209 componit
1506 1148 1720 1210 corpus
1762 1129 2008 1190 Echion.

394 1215 643 1276 Tristem
680 1232 865 1275 nosco
898 1214 1115 1290 Lycum
1156 1214 1534 1295 dextramque
1568 1216 1633 1278 in
1672 1224 1841 1292 terga
1876 1213 2159 1274 reflexum
2284 1220 2384 1277 570

392 1299 716 1375 Aeoliden,
755 1299 997 1362 humero
1038 1302 1349 1361 iactantem
1386 1300 1557 1361 funus
1601 1308 1829 1362 onusto,

389 1384 653 1445 Necdum
695 1384 799 1444 ille
842 1393 939 1456 aut
973 1384 1238 1461 habitus,
1274 1393 1382 1445 aut
1420 1403 1627 1446 versae
1672 1384 1908 1444 crimina
1952 1381 2175 1444 formae

390 1468 574 1529 Mutat
613 1468 886 1529 Aristaeo
926 1470 1186 1547 genitus:
1233 1469 1396 1532 frons
1435 1486 1645 1548 aspera
1689 1485 1891 1544 cornu,

394 1554 541 1615 Tela
577 1571 782 1630 manu,
825 1554 1114 1633 reicitque
1148 1572 1325 1615 canes
1365 1556 1425 1616 in
1461 1554 1671 1618 vulnus
1705 1553 1948 1616 hianteS.

390 1637 555 1699 Ecce
591 1646 781 1698 autem
820 1656 1028 1716 magna
1072 1638 1224 1700 subit
1267 1639 1553 1702 invidiosa
1594 1647 1830 1700 caterva
2279 1641 2378 1697 575

392 1722 649 1785 Tantalis
691 1732 768 1783 et‘
791 1724 1010 1785 tumido
1042 1732 1359 1803 percenset
1399 1723 1602 1786 funera
1644 1722 1823 1798 luctu,

390 1807 488 1869 Nil
531 1807 760 1869 deiecta
799 1807 996 1879 malis;
1037 1809 1195 1869 iuvat
1238 1808 1519 1886 effugisse
1564 1808 1803 1869 deorum

391 1892 635 1953 Numina
680 1901 740 1953 et
782 1893 1020 1954 insanae
1058 1893 1191 1972 plus
1226 1894 1338 1953 iam
1375 1895 1715 1972 permittere
1754 1888 2031 1967 linguae.’

518 1975 680 2038 Talia
724 1977 854 2038 dum
895 1978 1045 2056 patri
1082 1979 1234 2040 canit
1275 1979 1615 2040 intemerata
1651 1974 1954 2050 sacerdos,

392 2061 556 2123 Illius
605 2061 774 2122 elatis
817 2060 1156 2123 tremefacta
1195 2062 1710 2140 assurgere-vittis
2285 2065 2384 2119 580

394 2145 698 2225 CanicieS,
746 2147 1020 2224 tenuique
1065 2146 1271 2225 inpelli
1309 2148 1586 2225 sanguine
1631 2144 1842 2206 vultus.

392 2230 521 2291 Nec
562 2231 673 2291 iam
716 2230 956 2291 firmanti
998 2231 1243 2309 becole,
1289 2249 1402 2292 nec
1445 2232 1668 2309 virgine
1709 2229 1823 2289 fida

391 2314 636 2392 Nititur,
684 2324 1034 2393 erectusque
1078 2316 1212 2376 solo
1281 2314 1556 2378 ‘Desiste
1600 2313 1884 2390 canendo,

392 2399 573 2476 Nata,
616 2399 724 2460 ait:
769 2407 1047 2462 externae
1089 2402 1231 2462 satis
1276 2410 1367 2461 est
1403 2399 1541 2462 mihi
1575 2400 1758 2475 lucis,
1802 2400 2022 2460 inertes

394 2483 715 2545 Discedunt
756 2483 1037 2562 nebulae,
1086 2495 1143 2546 et
1183 2484 1402 2548 vultum
1436 2485 1604 2563 niger
1645 2483 1805 2548 exuit
1846 2499 1968 2544 aer.
2284 2492 2385 2548 585

391 2567 734 2646 Umbriae,
778 2587 850 2630 an
891 2587 1107 2650 supero
1146 2588 1240 2630 me
1282 2572 1490 2630 missus
1534 2568 1811 2647 Apolline
1855 2567 2116 2645 complet

394 2649 685 2731 Spiritus?
731 2671 805 2714 en
838 2654 1012 2714 video
1056 2673 1457 2735 quaecumque
1495 2652 1713 2715 audita!
1800 2652 1918 2713 Sed
1960 2670 2125 2718 ecce,
2226 2717 2237 2726 ,

390 2736 660 2798 Moerent
696 2736 963 2817 Argolici
999 2738 1230 2800 deiecto
1270 2740 1480 2800 lumine
1522 2756 1743 2798 manes.

394 2822 620 2882 Torvus
659 2821 822 2883 Abas
853 2823 1216 2902 Proctusque
1255 2842 1480 2886 nocens
1509 2824 1778 2901 mitisque
1820 2821 2183 2901 Hieronem,

394 2907 831 2987 Truncatusque
867 2905 1085 2986 Pelops
1132 2916 1192 2968 et
1229 2927 1411 2970 saevo
1455 2909 1699 2987 pulvere
1740 2907 1986 2970 sordens
2285 2919 2386 2973 590

395 2991 725 3053 Oenomaus
770 2990 947 3068 largis
991 2991 1320 3055 humectant
1360 2992 1635 3055 imbribus
1658 3010 1804 3053 ¹ora.

394 3076 668 3155 Auguror
704 3075 836 3136 hinc
881 3074 1096 3137 Thebis
1135 3078 1281 3139 belli
1317 3078 1579 3140 meliora.
1667 3076 1820 3151 Quid
1862 3085 2053 3140 autem

393 3160 465 3221 Hi
499 3179 687 3239 grege
728 3159 1024 3222 condenso
1063 3196 1147 3208 ---
1179 3172 1452 3241 quantum
1494 3180 1649 3223 arma
1682 3170 1742 3223 et
1772 3162 2014 3224 vulnera
2040 3172 2383 3237 monstrant,

392 3245 697 3322 Pugnaces
734 3245 988 3323 animae,
1036 3281 1119 3295 -
1158 3245 1330 3308 nohis
1371 3248 1429 3307 in
1468 3249 1746 3325 sanguine
1788 3245 1969 3308 multo

396 3327 629 3406 Oraque
670 3338 1030 3410 pectoraque
1073 3339 1130 3391 et
1166 3331 1318 3391 falso
1363 3331 1618 3394 clamore
1663 3333 1886 3393 levatas
2285 3340 2387 3397 595

394 3411 701 3473 Intendunt
741 3413 866 3498 siue
910 3434 1057 3496 pace
1096 3413 1339 3478 manus?
1416 3416 1577 3493 Rex,
1618 3416 1827 3494 fallor,
1869 3434 1940 3478 ae
1982 3415 2039 3475 hi
2085 3426 2219 3477 sunt
