<?xml version="1.0" encoding="UTF-8"?>
<!DOCTYPE html PUBLIC "-//W3C//DTD XHTML 1.0 Transitional//EN"
    "http://www.w3.org/TR/xhtml1/DTD/xhtml1-transitional.dtd">
<html xmlns="http://www.w3.org/1999/xhtml" xml:lang="en" lang="en">
 <head>
  <title>
</title>
<meta http-equiv="Content-Type" content="text/html;charset=utf-8" />
  <meta name='ocr-system' content='tesseract 3.04.00' />
  <meta name='ocr-capabilities' content='ocr_page ocr_carea ocr_par ocr_line ocrx_word'/>
</head>
<body>
  <div class='ocr_page' id='page_1' title='image "./ppapiniusstatiu00placgoog_0179.png"; bbox 0 0 2517 3909; ppageno 0'>
   <div class='ocr_carea' id='block_1_1' title="bbox 1819 1 2509 8">
    <p class='ocr_par' dir='ltr' id='par_1_1' title="bbox 1819 1 2509 8">
     <span class='ocr_line' id='line_1_1' title="bbox 1819 1 2509 8; baseline 0 0"><span class='ocrx_word' id='word_1_1' title='bbox 1819 1 2509 8; x_wconf 95' lang='lat' dir='ltr'> </span> 
     </span>
    </p>
   </div>
   <div class='ocr_carea' id='block_1_2' title="bbox 982 193 2389 265">
    <p class='ocr_par' dir='ltr' id='par_1_2' title="bbox 982 193 2389 265">
     <span class='ocr_line' id='line_1_2' title="bbox 982 193 2389 265; baseline 0.009 -16"><span class='ocrx_word' id='word_1_2' title='bbox 982 193 1363 250; x_wconf 71' lang='lat' dir='ltr'><strong>SILUARUM</strong></span> <span class='ocrx_word' id='word_1_3' title='bbox 1397 194 1461 251; x_wconf 88' lang='lat' dir='ltr'>L.</span> <span class='ocrx_word' id='word_1_4' title='bbox 1499 195 1568 265; x_wconf 88' lang='lat' dir='ltr'>V,</span> <span class='ocrx_word' id='word_1_5' title='bbox 1605 202 1654 252; x_wconf 84' lang='lat'>3.</span> <span class='ocrx_word' id='word_1_6' title='bbox 2262 194 2389 261; x_wconf 84' lang='lat'>151</span> 
     </span>
    </p>
   </div>
   <div class='ocr_carea' id='block_1_3' title="bbox 236 339 2391 2305">
    <p class='ocr_par' dir='ltr' id='par_1_3' title="bbox 250 339 1804 426">
     <span class='ocr_line' id='line_1_3' title="bbox 250 339 1804 426; baseline 0.003 -22"><span class='ocrx_word' id='word_1_7' title='bbox 250 339 344 405; x_wconf 87' lang='lat' dir='ltr'>Te</span> <span class='ocrx_word' id='word_1_8' title='bbox 392 341 531 406; x_wconf 91' lang='lat' dir='ltr'>sine</span> <span class='ocrx_word' id='word_1_9' title='bbox 578 344 646 406; x_wconf 88' lang='lat' dir='ltr'>et</span> <span class='ocrx_word' id='word_1_10' title='bbox 689 340 958 407; x_wconf 75' lang='lat' dir='ltr'><strong>orbatae</strong></span> <span class='ocrx_word' id='word_1_11' title='bbox 1004 340 1293 426; x_wconf 72' lang='lat' dir='ltr'>caligant</span> <span class='ocrx_word' id='word_1_12' title='bbox 1338 342 1484 408; x_wconf 90' lang='lat' dir='ltr'>uela</span> <span class='ocrx_word' id='word_1_13' title='bbox 1526 342 1804 408; x_wconf 88' lang='lat' dir='ltr'>carinae.</span> 
     </span>
    </p>

    <p class='ocr_par' dir='ltr' id='par_1_4' title="bbox 244 429 1787 518">
     <span class='ocr_line' id='line_1_4' title="bbox 244 429 1787 518; baseline 0 -22"><span class='ocrx_word' id='word_1_14' title='bbox 244 429 387 496; x_wconf 89' lang='lat' dir='ltr'>Nec</span> <span class='ocrx_word' id='word_1_15' title='bbox 434 431 645 497; x_wconf 91' lang='lat' dir='ltr'>solum</span> <span class='ocrx_word' id='word_1_16' title='bbox 688 430 876 516; x_wconf 83' lang='lat' dir='ltr'>larga</span> <span class='ocrx_word' id='word_1_17' title='bbox 919 434 1160 496; x_wconf 80' lang='lat' dir='ltr'>memet</span> <span class='ocrx_word' id='word_1_18' title='bbox 1201 431 1445 515; x_wconf 82' lang='lat' dir='ltr'>pietate</span> <span class='ocrx_word' id='word_1_19' title='bbox 1489 430 1787 518; x_wconf 83' lang='lat' dir='ltr'>fouebas:</span> 
     </span>
    </p>

    <p class='ocr_par' dir='ltr' id='par_1_5' title="bbox 245 519 2391 696">
     <span class='ocr_line' id='line_1_5' title="bbox 245 519 2391 606; baseline 0 -21"><span class='ocrx_word' id='word_1_20' title='bbox 245 519 427 585; x_wconf 83' lang='lat' dir='ltr'>Talis</span> <span class='ocrx_word' id='word_1_21' title='bbox 473 524 540 588; x_wconf 86' lang='grc'>81</span> <span class='ocrx_word' id='word_1_22' title='bbox 581 520 654 584; x_wconf 89' lang='grc'>111</span> <span class='ocrx_word' id='word_1_23' title='bbox 697 520 1043 586; x_wconf 83' lang='lat' dir='ltr'>thalamos.</span> <span class='ocrx_word' id='word_1_24' title='bbox 1130 539 1264 584; x_wconf 86' lang='lat' dir='ltr'>una</span> <span class='ocrx_word' id='word_1_25' title='bbox 1306 519 1431 585; x_wconf 88' lang='lat' dir='ltr'>tibi</span> <span class='ocrx_word' id='word_1_26' title='bbox 1477 520 1743 606; x_wconf 83' lang='lat' dir='ltr'>cognita</span> <span class='ocrx_word' id='word_1_27' title='bbox 1784 521 1979 587; x_wconf 81' lang='lat' dir='ltr'>taeda</span> <span class='ocrx_word' id='word_1_28' title='bbox 2283 536 2391 586; x_wconf 83' lang='lat'>240</span> 
     </span>
     <span class='ocr_line' id='line_1_6' title="bbox 247 606 1994 696; baseline 0.001 -22"><span class='ocrx_word' id='word_1_29' title='bbox 247 606 565 688; x_wconf 79' lang='lat' dir='ltr'><strong>Conubia,</strong></span> <span class='ocrx_word' id='word_1_30' title='bbox 608 629 775 675; x_wconf 84' lang='lat' dir='ltr'>unus</span> <span class='ocrx_word' id='word_1_31' title='bbox 823 627 1022 675; x_wconf 81' lang='lat' dir='ltr'>amor.</span> <span class='ocrx_word' id='word_1_32' title='bbox 1113 612 1287 675; x_wconf 87' lang='lat' dir='ltr'>certe</span> <span class='ocrx_word' id='word_1_33' title='bbox 1334 609 1670 696; x_wconf 85' lang='lat' dir='ltr'>seiungere</span> <span class='ocrx_word' id='word_1_34' title='bbox 1698 614 1994 676; x_wconf 82' lang='lat' dir='ltr'>matrem</span> 
     </span>
    </p>

    <p class='ocr_par' dir='ltr' id='par_1_6' title="bbox 244 697 1961 785">
     <span class='ocr_line' id='line_1_7' title="bbox 244 697 1961 785; baseline 0.001 -22"><span class='ocrx_word' id='word_1_35' title='bbox 244 697 389 764; x_wconf 88' lang='lat' dir='ltr'>Iam</span> <span class='ocrx_word' id='word_1_36' title='bbox 435 699 667 785; x_wconf 80' lang='lat' dir='ltr'>gelidis</span> <span class='ocrx_word' id='word_1_37' title='bbox 712 717 961 784; x_wconf 80' lang='lat' dir='ltr'>nequeo</span> <span class='ocrx_word' id='word_1_38' title='bbox 996 698 1238 782; x_wconf 82' lang='lat' dir='ltr'>bustis3</span> <span class='ocrx_word' id='word_1_39' title='bbox 1280 702 1347 764; x_wconf 87' lang='lat' dir='ltr'>te</span> <span class='ocrx_word' id='word_1_40' title='bbox 1385 699 1585 764; x_wconf 87' lang='lat' dir='ltr'>sentit</span> <span class='ocrx_word' id='word_1_41' title='bbox 1616 698 1961 785; x_wconf 74' lang='lat' dir='ltr'>habetque,</span> 
     </span>
    </p>

    <p class='ocr_par' dir='ltr' id='par_1_7' title="bbox 244 787 1986 874">
     <span class='ocr_line' id='line_1_8' title="bbox 244 787 1986 874; baseline 0.001 -22"><span class='ocrx_word' id='word_1_42' title='bbox 244 787 338 852; x_wconf 87' lang='lat' dir='ltr'>Te</span> <span class='ocrx_word' id='word_1_43' title='bbox 384 787 565 853; x_wconf 90' lang='lat' dir='ltr'>uidet</span> <span class='ocrx_word' id='word_1_44' title='bbox 607 791 676 853; x_wconf 88' lang='lat' dir='ltr'>et</span> <span class='ocrx_word' id='word_1_45' title='bbox 716 790 1003 853; x_wconf 85' lang='lat' dir='ltr'>tumulos</span> <span class='ocrx_word' id='word_1_46' title='bbox 1047 791 1322 872; x_wconf 90' lang='lat' dir='ltr'>ortuque</span> <span class='ocrx_word' id='word_1_47' title='bbox 1369 788 1679 874; x_wconf 79' lang='lat' dir='ltr'>obituque</span> <span class='ocrx_word' id='word_1_48' title='bbox 1724 790 1986 873; x_wconf 86' lang='lat' dir='ltr'>salutat,</span> 
     </span>
    </p>

    <p class='ocr_par' dir='ltr' id='par_1_8' title="bbox 242 875 1651 963">
     <span class='ocr_line' id='line_1_9' title="bbox 242 875 1651 963; baseline 0.001 -21"><span class='ocrx_word' id='word_1_49' title='bbox 242 875 336 942; x_wconf 89' lang='lat' dir='ltr'>Ut</span> <span class='ocrx_word' id='word_1_50' title='bbox 372 877 650 943; x_wconf 89' lang='lat' dir='ltr'>Pharios</span> <span class='ocrx_word' id='word_1_51' title='bbox 681 877 860 943; x_wconf 86' lang='lat' dir='ltr'>-aliae</span> <span class='ocrx_word' id='word_1_52' title='bbox 903 877 1060 942; x_wconf 83' lang='lat' dir='ltr'>ficta</span> <span class='ocrx_word' id='word_1_53' title='bbox 1097 878 1347 963; x_wconf 86' lang='lat' dir='ltr'>pietate</span> <span class='ocrx_word' id='word_1_54' title='bbox 1394 877 1651 943; x_wconf 77' lang='lat' dir='ltr'>dolores</span> 
     </span>
    </p>

    <p class='ocr_par' dir='ltr' id='par_1_9' title="bbox 240 966 2382 1141">
     <span class='ocr_line' id='line_1_10' title="bbox 240 966 2382 1052; baseline 0 -20"><span class='ocrx_word' id='word_1_55' title='bbox 240 966 769 1052; x_wconf 81' lang='lat' dir='ltr'>Mygdoniosque</span> <span class='ocrx_word' id='word_1_56' title='bbox 815 967 1040 1034; x_wconf 87' lang='lat' dir='ltr'>colunt</span> <span class='ocrx_word' id='word_1_57' title='bbox 1084 971 1152 1033; x_wconf 82' lang='lat' dir='ltr'>et</span> <span class='ocrx_word' id='word_1_58' title='bbox 1193 987 1330 1032; x_wconf 92' lang='lat' dir='ltr'>non</span> <span class='ocrx_word' id='word_1_59' title='bbox 1376 988 1495 1032; x_wconf 82' lang='lat' dir='ltr'>sua</span> <span class='ocrx_word' id='word_1_60' title='bbox 1539 967 1775 1034; x_wconf 86' lang='lat' dir='ltr'>funera</span> <span class='ocrx_word' id='word_1_61' title='bbox 1798 989 1804 1004; x_wconf 87' lang='grc'><em>·</em></span> <span class='ocrx_word' id='word_1_62' title='bbox 1812 968 2094 1052; x_wconf 86' lang='lat' dir='ltr'>plorant</span> <span class='ocrx_word' id='word_1_63' title='bbox 2277 984 2382 1033; x_wconf 83' lang='grc'>245</span> 
     </span>
     <span class='ocr_line' id='line_1_11' title="bbox 242 1055 2050 1141; baseline 0.001 -20"><span class='ocrx_word' id='word_1_64' title='bbox 242 1056 416 1134; x_wconf 80' lang='lat' dir='ltr'>Quid</span> <span class='ocrx_word' id='word_1_65' title='bbox 460 1055 737 1121; x_wconf 83' lang='lat' dir='ltr'>referam</span> <span class='ocrx_word' id='word_1_66' title='bbox 781 1057 1111 1141; x_wconf 84' lang='lat' dir='ltr'>expositos</span> <span class='ocrx_word' id='word_1_67' title='bbox 1160 1060 1421 1123; x_wconf 86' lang='lat' dir='ltr'>seruato</span> <span class='ocrx_word' id='word_1_68' title='bbox 1464 1056 1748 1141; x_wconf 88' lang='lat' dir='ltr'>pondere</span> <span class='ocrx_word' id='word_1_69' title='bbox 1793 1057 2050 1122; x_wconf 76' lang='lat' dir='ltr'>mores?</span> 
     </span>
    </p>

    <p class='ocr_par' dir='ltr' id='par_1_10' title="bbox 236 1145 2154 1409">
     <span class='ocr_line' id='line_1_12' title="bbox 239 1145 2154 1232; baseline 0.001 -22"><span class='ocrx_word' id='word_1_70' title='bbox 239 1145 423 1223; x_wconf 79' lang='lat' dir='ltr'>Quae</span> <span class='ocrx_word' id='word_1_71' title='bbox 468 1145 697 1229; x_wconf 75' lang='lat' dir='ltr'>pictae,</span> <span class='ocrx_word' id='word_1_72' title='bbox 742 1163 938 1229; x_wconf 82' lang='lat' dir='ltr'>quam</span> <span class='ocrx_word' id='word_1_73' title='bbox 982 1145 1113 1211; x_wconf 91' lang='lat' dir='ltr'>uile</span> <span class='ocrx_word' id='word_1_74' title='bbox 1156 1145 1426 1231; x_wconf 86' lang='lat' dir='ltr'>lucrum,</span> <span class='ocrx_word' id='word_1_75' title='bbox 1471 1167 1635 1231; x_wconf 89' lang='lat' dir='ltr'>quae</span> <span class='ocrx_word' id='word_1_76' title='bbox 1671 1168 1826 1211; x_wconf 89' lang='lat' dir='ltr'>cura</span> <span class='ocrx_word' id='word_1_77' title='bbox 1870 1145 2154 1232; x_wconf 85' lang='lat' dir='ltr'>pudoris,</span> 
     </span>
     <span class='ocr_line' id='line_1_13' title="bbox 238 1234 2131 1320; baseline 0 -20"><span class='ocrx_word' id='word_1_78' title='bbox 238 1236 543 1314; x_wconf 80' lang='lat' dir='ltr'>Quantus</span> <span class='ocrx_word' id='word_1_79' title='bbox 590 1254 775 1300; x_wconf 86' lang='lat' dir='ltr'>amor</span> <span class='ocrx_word' id='word_1_80' title='bbox 817 1235 1022 1300; x_wconf 84' lang='lat' dir='ltr'>recti‘?</span> <span class='ocrx_word' id='word_1_81' title='bbox 1067 1255 1435 1320; x_wconf 81' lang='lat' dir='ltr'>rursusque,</span> <span class='ocrx_word' id='word_1_82' title='bbox 1477 1235 1594 1300; x_wconf 89' lang='lat' dir='ltr'>ubi</span> <span class='ocrx_word' id='word_1_83' title='bbox 1640 1234 1825 1301; x_wconf 80' lang='lat' dir='ltr'>dulce</span> <span class='ocrx_word' id='word_1_84' title='bbox 1869 1234 2131 1319; x_wconf 77' lang='lat' dir='ltr'>remitti,</span> 
     </span>
     <span class='ocr_line' id='line_1_14' title="bbox 236 1322 2089 1409; baseline 0.001 -19"><span class='ocrx_word' id='word_1_85' title='bbox 236 1322 472 1390; x_wconf 75' lang='lat' dir='ltr'>Gratia</span> <span class='ocrx_word' id='word_1_86' title='bbox 516 1345 682 1409; x_wconf 87' lang='lat' dir='ltr'>quae</span> <span class='ocrx_word' id='word_1_87' title='bbox 727 1322 963 1390; x_wconf 72' lang='lat' dir='ltr'>dictis?</span> <span class='ocrx_word' id='word_1_88' title='bbox 1011 1324 1228 1392; x_wconf 79' lang='lat' dir='ltr'>animo</span> <span class='ocrx_word' id='word_1_89' title='bbox 1275 1346 1472 1408; x_wconf 86' lang='lat' dir='ltr'>quam</span> <span class='ocrx_word' id='word_1_90' title='bbox 1516 1324 1699 1390; x_wconf 90' lang='lat' dir='ltr'>nulla</span> <span class='ocrx_word' id='word_1_91' title='bbox 1745 1324 2089 1391; x_wconf 78' lang='lat' dir='ltr'>senectus?</span> 
     </span>
    </p>

    <p class='ocr_par' dir='ltr' id='par_1_11' title="bbox 236 1412 2379 1587">
     <span class='ocr_line' id='line_1_15' title="bbox 237 1412 2379 1499; baseline -0.001 -19"><span class='ocrx_word' id='word_1_92' title='bbox 237 1413 366 1480; x_wconf 89' lang='lat' dir='ltr'>His</span> <span class='ocrx_word' id='word_1_93' title='bbox 411 1412 537 1478; x_wconf 85' lang='lat' dir='ltr'>tibi</span> <span class='ocrx_word' id='word_1_94' title='bbox 579 1435 702 1497; x_wconf 90' lang='lat' dir='ltr'>pro</span> <span class='ocrx_word' id='word_1_95' title='bbox 747 1414 996 1479; x_wconf 86' lang='lat' dir='ltr'>meritis</span> <span class='ocrx_word' id='word_1_96' title='bbox 1041 1413 1290 1478; x_wconf 85' lang='lat' dir='ltr'>famam</span> <span class='ocrx_word' id='word_1_97' title='bbox 1333 1414 1682 1499; x_wconf 87' lang='lat' dir='ltr'>laudesque</span> <span class='ocrx_word' id='word_1_98' title='bbox 1728 1414 2047 1499; x_wconf 85' lang='lat' dir='ltr'>benignas</span> <span class='ocrx_word' id='word_1_99' title='bbox 2274 1430 2379 1479; x_wconf 86' lang='grc'>250</span> 
     </span>
     <span class='ocr_line' id='line_1_16' title="bbox 236 1501 1888 1587; baseline -0.002 -17"><span class='ocrx_word' id='word_1_100' title='bbox 236 1503 442 1570; x_wconf 83' lang='lat' dir='ltr'>Iudex</span> <span class='ocrx_word' id='word_1_101' title='bbox 487 1524 643 1569; x_wconf 87' lang='lat' dir='ltr'>cura</span> <span class='ocrx_word' id='word_1_102' title='bbox 687 1501 884 1569; x_wconf 88' lang='lat' dir='ltr'>deum</span> <span class='ocrx_word' id='word_1_103' title='bbox 923 1503 1231 1587; x_wconf 91' lang='lat' dir='ltr'>nulloque</span> <span class='ocrx_word' id='word_1_104' title='bbox 1278 1524 1313 1567; x_wconf 92' lang='lat' dir='ltr'>e</span> <span class='ocrx_word' id='word_1_105' title='bbox 1358 1503 1623 1568; x_wconf 87' lang='lat' dir='ltr'>uulnere</span> <span class='ocrx_word' id='word_1_106' title='bbox 1668 1504 1888 1567; x_wconf 74' lang='lat' dir='ltr'>tristes</span> 
     </span>
    </p>

    <p class='ocr_par' dir='ltr' id='par_1_12' title="bbox 236 1591 1971 1678">
     <span class='ocr_line' id='line_1_17' title="bbox 236 1591 1971 1678; baseline -0.001 -19"><span class='ocrx_word' id='word_1_107' title='bbox 236 1592 598 1659; x_wconf 70' lang='lat' dir='ltr'>concessit.</span> <span class='ocrx_word' id='word_1_108' title='bbox 684 1594 952 1678; x_wconf 88' lang='lat' dir='ltr'>raperis,</span> <span class='ocrx_word' id='word_1_109' title='bbox 997 1591 1275 1677; x_wconf 83' lang='lat' dir='ltr'>genitor,</span> <span class='ocrx_word' id='word_1_110' title='bbox 1319 1614 1455 1658; x_wconf 89' lang='lat' dir='ltr'>non</span> <span class='ocrx_word' id='word_1_111' title='bbox 1498 1592 1759 1678; x_wconf 87' lang='lat' dir='ltr'>indigus</span> <span class='ocrx_word' id='word_1_112' title='bbox 1806 1592 1971 1676; x_wconf 87' lang='lat' dir='ltr'>aeui,</span> 
     </span>
    </p>

    <p class='ocr_par' dir='ltr' id='par_1_13' title="bbox 236 1680 2074 1768">
     <span class='ocr_line' id='line_1_18' title="bbox 236 1680 2074 1768; baseline -0.001 -20"><span class='ocrx_word' id='word_1_113' title='bbox 236 1681 394 1749; x_wconf 89' lang='lat' dir='ltr'>Non</span> <span class='ocrx_word' id='word_1_114' title='bbox 434 1682 696 1765; x_wconf 74' lang='lat' dir='ltr'>nimine,</span> <span class='ocrx_word' id='word_1_115' title='bbox 727 1682 1053 1767; x_wconf 78' lang='lat' dir='ltr'>trinisque</span> <span class='ocrx_word' id='word_1_116' title='bbox 1099 1680 1322 1748; x_wconf 86' lang='lat' dir='ltr'>decem</span> <span class='ocrx_word' id='word_1_117' title='bbox 1367 1682 1811 1768; x_wconf 89' lang='lat' dir='ltr'>quinquennia</span> <span class='ocrx_word' id='word_1_118' title='bbox 1853 1682 2074 1747; x_wconf 88' lang='lat' dir='ltr'>lustris</span> 
     </span>
    </p>

    <p class='ocr_par' dir='ltr' id='par_1_14' title="bbox 238 1770 2100 1856">
     <span class='ocr_line' id='line_1_19' title="bbox 238 1770 2100 1856; baseline -0.002 -17"><span class='ocrx_word' id='word_1_119' title='bbox 238 1772 471 1839; x_wconf 88' lang='lat' dir='ltr'>Iuncta</span> <span class='ocrx_word' id='word_1_120' title='bbox 513 1772 748 1838; x_wconf 86' lang='lat' dir='ltr'>ferens.</span> <span class='ocrx_word' id='word_1_121' title='bbox 837 1772 953 1839; x_wconf 88' lang='lat' dir='ltr'>sed</span> <span class='ocrx_word' id='word_1_122' title='bbox 996 1791 1098 1837; x_wconf 86' lang='lat' dir='ltr'>me</span> <span class='ocrx_word' id='word_1_123' title='bbox 1143 1770 1357 1854; x_wconf 86' lang='lat' dir='ltr'>pietas</span> <span class='ocrx_word' id='word_1_124' title='bbox 1403 1792 1742 1838; x_wconf 88' lang='lat' dir='ltr'>numerare</span> <span class='ocrx_word' id='word_1_125' title='bbox 1790 1771 2100 1856; x_wconf 92' lang='lat' dir='ltr'>dolorque</span> 
     </span>
    </p>

    <p class='ocr_par' dir='ltr' id='par_1_15' title="bbox 237 1859 2378 2036">
     <span class='ocr_line' id='line_1_20' title="bbox 237 1859 2378 1946; baseline -0.001 -19"><span class='ocrx_word' id='word_1_126' title='bbox 237 1860 395 1927; x_wconf 91' lang='lat' dir='ltr'>Non</span> <span class='ocrx_word' id='word_1_127' title='bbox 441 1861 613 1946; x_wconf 88' lang='lat' dir='ltr'>sinit,</span> <span class='ocrx_word' id='word_1_128' title='bbox 659 1881 698 1925; x_wconf 97' lang='lat' dir='ltr'>o</span> <span class='ocrx_word' id='word_1_129' title='bbox 743 1860 967 1946; x_wconf 78' lang='lat' dir='ltr'>Pylias</span> <span class='ocrx_word' id='word_1_130' title='bbox 1014 1862 1160 1926; x_wconf 86' lang='lat' dir='ltr'>aeui</span> <span class='ocrx_word' id='word_1_131' title='bbox 1204 1859 1662 1927; x_wconf 79' lang='lat' dir='ltr'>transcendere</span> <span class='ocrx_word' id='word_1_132' title='bbox 1707 1864 1914 1925; x_wconf 84' lang='lat' dir='ltr'>metas</span> <span class='ocrx_word' id='word_1_133' title='bbox 2275 1877 2378 1925; x_wconf 82' lang='grc'>255</span> 
     </span>
     <span class='ocr_line' id='line_1_21' title="bbox 239 1948 1813 2036; baseline -0.002 -20"><span class='ocrx_word' id='word_1_134' title='bbox 239 1950 330 2016; x_wconf 84' lang='lat' dir='ltr'>Et</span> <span class='ocrx_word' id='word_1_135' title='bbox 373 1948 657 2018; x_wconf 83' lang='lat' dir='ltr'>Teucros</span> <span class='ocrx_word' id='word_1_136' title='bbox 704 1972 981 2035; x_wconf 84' lang='lat' dir='ltr'>aequare</span> <span class='ocrx_word' id='word_1_137' title='bbox 1027 1969 1230 2030; x_wconf 84' lang='lat' dir='ltr'>senes,</span> <span class='ocrx_word' id='word_1_138' title='bbox 1278 1974 1317 2017; x_wconf 97' lang='lat' dir='ltr'>o</span> <span class='ocrx_word' id='word_1_139' title='bbox 1356 1950 1551 2036; x_wconf 86' lang='lat' dir='ltr'>digne</span> <span class='ocrx_word' id='word_1_140' title='bbox 1595 1948 1813 2014; x_wconf 85' lang='lat' dir='ltr'>uidere</span> 
     </span>
    </p>

    <p class='ocr_par' dir='ltr' id='par_1_16' title="bbox 238 2001 1850 2107">
     <span class='ocr_line' id='line_1_22' title="bbox 238 2001 1850 2107; baseline -0.002 -2"><span class='ocrx_word' id='word_1_141' title='bbox 238 2040 346 2105; x_wconf 86' lang='lat' dir='ltr'>Me</span> <span class='ocrx_word' id='word_1_142' title='bbox 393 2037 695 2106; x_wconf 79' lang='lat' dir='ltr'>similem!</span> <span class='ocrx_word' id='word_1_143' title='bbox 743 2040 857 2105; x_wconf 88' lang='lat' dir='ltr'>sed</span> <span class='ocrx_word' id='word_1_144' title='bbox 900 2061 1020 2107; x_wconf 91' lang='lat' dir='ltr'>nec</span> <span class='ocrx_word' id='word_1_145' title='bbox 1065 2040 1183 2107; x_wconf 89' lang='lat' dir='ltr'>leti</span> <span class='ocrx_word' id='word_1_146' title='bbox 1215 2001 1354 2105; x_wconf 87' lang='lat' dir='ltr'>tibi</span> <span class='ocrx_word' id='word_1_147' title='bbox 1397 2041 1597 2104; x_wconf 86' lang='lat' dir='ltr'>ianua</span> <span class='ocrx_word' id='word_1_148' title='bbox 1640 2039 1850 2103; x_wconf 88' lang='lat' dir='ltr'>tristis</span> 
     </span>
    </p>

    <p class='ocr_par' dir='ltr' id='par_1_17' title="bbox 238 2121 1909 2232">
     <span class='ocr_line' id='line_1_23' title="bbox 238 2121 1909 2232; baseline -0.001 -39"><span class='ocrx_word' id='word_1_149' title='bbox 238 2127 519 2215; x_wconf 82' lang='lat' dir='ltr'>(Quippe</span> <span class='ocrx_word' id='word_1_150' title='bbox 553 2131 732 2196; x_wconf 90' lang='lat' dir='ltr'>leues</span> <span class='ocrx_word' id='word_1_151' title='bbox 774 2121 1057 2232; x_wconf 85' lang='lat' dir='ltr'>causae),</span> <span class='ocrx_word' id='word_1_152' title='bbox 1101 2149 1221 2194; x_wconf 88' lang='lat' dir='ltr'>nec</span> <span class='ocrx_word' id='word_1_153' title='bbox 1257 2129 1478 2215; x_wconf 86' lang='lat' dir='ltr'>segnis</span> <span class='ocrx_word' id='word_1_154' title='bbox 1522 2129 1674 2193; x_wconf 86' lang='lat' dir='ltr'>tabe</span> <span class='ocrx_word' id='word_1_155' title='bbox 1721 2126 1909 2193; x_wconf 90' lang='lat' dir='ltr'>senili</span> 
     </span>
    </p>

    <p class='ocr_par' dir='ltr' id='par_1_18' title="bbox 237 2218 1893 2305">
     <span class='ocr_line' id='line_1_24' title="bbox 237 2218 1893 2305; baseline -0.001 -21"><span class='ocrx_word' id='word_1_156' title='bbox 237 2218 473 2285; x_wconf 81' lang='lat' dir='ltr'>Exitus</span> <span class='ocrx_word' id='word_1_157' title='bbox 519 2218 794 2284; x_wconf 82' lang='lat' dir='ltr'>instanti</span> <span class='ocrx_word' id='word_1_158' title='bbox 835 2218 1175 2305; x_wconf 73' lang='lat' dir='ltr'>praemisit</span> <span class='ocrx_word' id='word_1_159' title='bbox 1218 2218 1511 2284; x_wconf 89' lang='lat' dir='ltr'>membra</span> <span class='ocrx_word' id='word_1_160' title='bbox 1554 2219 1893 2303; x_wconf 82' lang='lat' dir='ltr'>sepulcr0‚</span> 
     </span>
    </p>
   </div>
   <div class='ocr_carea' id='block_1_4' title="bbox 238 2307 2505 2404">
    <p class='ocr_par' dir='ltr' id='par_1_19' title="bbox 238 2307 2505 2404">
     <span class='ocr_line' id='line_1_25' title="bbox 238 2307 2505 2404; baseline -0 -30"><span class='ocrx_word' id='word_1_161' title='bbox 238 2307 367 2374; x_wconf 82' lang='lat' dir='ltr'>Sed</span> <span class='ocrx_word' id='word_1_162' title='bbox 410 2312 479 2374; x_wconf 88' lang='lat' dir='ltr'>te</span> <span class='ocrx_word' id='word_1_163' title='bbox 522 2312 751 2391; x_wconf 86' lang='lat' dir='ltr'>torpor</span> <span class='ocrx_word' id='word_1_164' title='bbox 794 2309 970 2375; x_wconf 89' lang='lat' dir='ltr'>iners</span> <span class='ocrx_word' id='word_1_165' title='bbox 1015 2313 1083 2373; x_wconf 89' lang='lat' dir='ltr'>et</span> <span class='ocrx_word' id='word_1_166' title='bbox 1128 2330 1305 2394; x_wconf 85' lang='lat' dir='ltr'>mors</span> <span class='ocrx_word' id='word_1_167' title='bbox 1349 2308 1609 2373; x_wconf 88' lang='lat' dir='ltr'>imitata</span> <span class='ocrx_word' id='word_1_168' title='bbox 1654 2307 1936 2392; x_wconf 88' lang='lat' dir='ltr'>quietem</span> <span class='ocrx_word' id='word_1_169' title='bbox 2079 2317 2085 2323; x_wconf 84' lang='lat'>&#39;</span> <span class='ocrx_word' id='word_1_170' title='bbox 2273 2323 2377 2373; x_wconf 83' lang='grc'>260</span> <span class='ocrx_word' id='word_1_171' title='bbox 2504 2347 2505 2404; x_wconf 61' lang='lat'>3</span> 
     </span>
    </p>
   </div>
   <div class='ocr_carea' id='block_1_5' title="bbox 232 2397 2375 2841">
    <p class='ocr_par' dir='ltr' id='par_1_20' title="bbox 236 2397 1893 2485">
     <span class='ocr_line' id='line_1_26' title="bbox 236 2397 1893 2485; baseline -0.001 -22"><span class='ocrx_word' id='word_1_172' title='bbox 236 2397 576 2481; x_wconf 83' lang='lat' dir='ltr'>Explicuit</span> <span class='ocrx_word' id='word_1_173' title='bbox 615 2397 913 2485; x_wconf 86' lang='lat' dir='ltr'>falsoque</span> <span class='ocrx_word' id='word_1_174' title='bbox 956 2398 1111 2463; x_wconf 85' lang='lat' dir='ltr'>tulit</span> <span class='ocrx_word' id='word_1_175' title='bbox 1156 2399 1278 2463; x_wconf 90' lang='lat' dir='ltr'>sub</span> <span class='ocrx_word' id='word_1_176' title='bbox 1323 2398 1600 2463; x_wconf 82' lang='lat' dir='ltr'>Tartara</span> <span class='ocrx_word' id='word_1_177' title='bbox 1645 2418 1893 2462; x_wconf 89' lang='lat' dir='ltr'>somno.</span> 
     </span>
    </p>

    <p class='ocr_par' dir='ltr' id='par_1_21' title="bbox 234 2484 2247 2663">
     <span class='ocr_line' id='line_1_27' title="bbox 238 2484 2247 2575; baseline -0.001 -23"><span class='ocrx_word' id='word_1_178' title='bbox 238 2487 419 2565; x_wconf 82' lang='lat' dir='ltr'>Quos</span> <span class='ocrx_word' id='word_1_179' title='bbox 465 2506 586 2573; x_wconf 86' lang='lat' dir='ltr'>ego</span> <span class='ocrx_word' id='word_1_180' title='bbox 629 2491 790 2552; x_wconf 82' lang='lat' dir='ltr'>tunc</span> <span class='ocrx_word' id='word_1_181' title='bbox 827 2487 1151 2575; x_wconf 76' lang='lat' dir='ltr'>gemitus?</span> <span class='ocrx_word' id='word_1_182' title='bbox 1196 2488 1507 2553; x_wconf 89' lang='lat' dir='ltr'>comitum</span> <span class='ocrx_word' id='word_1_183' title='bbox 1539 2507 1784 2554; x_wconf 82' lang='lat' dir='ltr'>manus</span> <span class='ocrx_word' id='word_1_184' title='bbox 1830 2484 2024 2550; x_wconf 82' lang='lat' dir='ltr'>anxia</span> <span class='ocrx_word' id='word_1_185' title='bbox 2067 2484 2247 2566; x_wconf 87' lang='lat' dir='ltr'>uidit,</span> 
     </span>
     <span class='ocr_line' id='line_1_28' title="bbox 234 2575 1938 2680; baseline -0.002 -37"><span class='ocrx_word' id='word_1_186' title='bbox 234 2576 425 2643; x_wconf 89' lang='lat' dir='ltr'>Uidit</span> <span class='ocrx_word' id='word_1_187' title='bbox 468 2580 536 2641; x_wconf 89' lang='lat' dir='ltr'>et</span> <span class='ocrx_word' id='word_1_188' title='bbox 580 2579 945 2663; x_wconf 82' lang='lat' dir='ltr'>exemplum</span> <span class='ocrx_word' id='word_1_189' title='bbox 991 2578 1287 2680; x_wconf 84' lang='lat' dir='ltr'>genetrix</span> <span class='ocrx_word' id='word_1_190' title='bbox 1332 2576 1684 2662; x_wconf 88' lang='lat' dir='ltr'>gauisaque</span> <span class='ocrx_word' id='word_1_191' title='bbox 1730 2575 1938 2659; x_wconf 88' lang='lat' dir='ltr'>nouit,</span> 
     </span>
    </p>

    <p class='ocr_par' dir='ltr' id='par_1_22' title="bbox 236 2665 1970 2750">
     <span class='ocr_line' id='line_1_29' title="bbox 236 2665 1970 2750; baseline -0.001 -20"><span class='ocrx_word' id='word_1_192' title='bbox 236 2666 420 2743; x_wconf 82' lang='lat' dir='ltr'>Quae</span> <span class='ocrx_word' id='word_1_193' title='bbox 464 2667 752 2731; x_wconf 86' lang='lat' dir='ltr'>lamenta</span> <span class='ocrx_word' id='word_1_194' title='bbox 795 2667 939 2732; x_wconf 84' lang='lat' dir='ltr'>tuli.</span> <span class='ocrx_word' id='word_1_195' title='bbox 1028 2667 1288 2731; x_wconf 90' lang='lat' dir='ltr'>ueniam</span> <span class='ocrx_word' id='word_1_196' title='bbox 1333 2665 1681 2750; x_wconf 87' lang='lat' dir='ltr'>concedite,</span> <span class='ocrx_word' id='word_1_197' title='bbox 1726 2686 1970 2748; x_wconf 86' lang='lat' dir='ltr'>manes,</span> 
     </span>
    </p>

    <p class='ocr_par' dir='ltr' id='par_1_23' title="bbox 232 2753 2375 2841">
     <span class='ocr_line' id='line_1_30' title="bbox 232 2753 2375 2841; baseline -0.002 -20"><span class='ocrx_word' id='word_1_198' title='bbox 232 2755 364 2821; x_wconf 87' lang='lat' dir='ltr'>Fas</span> <span class='ocrx_word' id='word_1_199' title='bbox 413 2756 671 2840; x_wconf 83' lang='lat' dir='ltr'>dixisse,</span> <span class='ocrx_word' id='word_1_200' title='bbox 716 2759 926 2841; x_wconf 87' lang='lat' dir='ltr'>pater:</span> <span class='ocrx_word' id='word_1_201' title='bbox 970 2777 1104 2820; x_wconf 90' lang='lat' dir='ltr'>non</span> <span class='ocrx_word' id='word_1_202' title='bbox 1148 2758 1225 2819; x_wconf 90' lang='lat' dir='ltr'>tu</span> <span class='ocrx_word' id='word_1_203' title='bbox 1270 2754 1432 2819; x_wconf 89' lang='lat' dir='ltr'>mihi</span> <span class='ocrx_word' id='word_1_204' title='bbox 1476 2754 1665 2839; x_wconf 89' lang='lat' dir='ltr'>plura</span> <span class='ocrx_word' id='word_1_205' title='bbox 1711 2753 2017 2820; x_wconf 75' lang='lat' dir='ltr'>dedisses,</span> <span class='ocrx_word' id='word_1_206' title='bbox 2270 2768 2375 2818; x_wconf 79' lang='grc'>265</span> 
     </span>
    </p>
   </div>
   <div class='ocr_carea' id='block_1_6' title="bbox 225 2967 664 2986">
    <p class='ocr_par' dir='ltr' id='par_1_24' title="bbox 225 2967 664 2986">
     <span class='ocr_line' id='line_1_31' title="bbox 225 2967 664 2986; baseline 0 923"><span class='ocrx_word' id='word_1_207' title='bbox 225 2967 664 2986; x_wconf 95' lang='lat' dir='ltr'> </span> 
     </span>
    </p>
   </div>
   <div class='ocr_carea' id='block_1_7' title="bbox 230 3105 2374 3253">
    <p class='ocr_par' dir='ltr' id='par_1_25' title="bbox 230 3105 2374 3253">
     <span class='ocr_line' id='line_1_32' title="bbox 416 3105 2374 3179; baseline -0.003 -14"><span class='ocrx_word' id='word_1_208' title='bbox 416 3115 519 3165; x_wconf 79' lang='grc'>241</span> <span class='ocrx_word' id='word_1_209' title='bbox 568 3109 857 3179; x_wconf 83' lang='grc'>88111113818</span> <span class='ocrx_word' id='word_1_210' title='bbox 903 3109 1093 3164; x_wconf 59' lang='grc' dir='ltr'>Βοπω</span> <span class='ocrx_word' id='word_1_211' title='bbox 1131 3107 1421 3177; x_wconf 85' lang='lat' dir='ltr'>siiungere</span> <span class='ocrx_word' id='word_1_212' title='bbox 1476 3105 1564 3163; x_wconf 84' lang='lat' dir='ltr'>A*</span> <span class='ocrx_word' id='word_1_213' title='bbox 1613 3112 1649 3158; x_wconf 76' lang='lat'><strong>0</strong></span> <span class='ocrx_word' id='word_1_214' title='bbox 1703 3109 1724 3178; x_wconf 72' lang='lat' dir='ltr'>fl</span> <span class='ocrx_word' id='word_1_215' title='bbox 1779 3112 1882 3162; x_wconf 80' lang='grc'>242</span> <span class='ocrx_word' id='word_1_216' title='bbox 1927 3108 1987 3164; x_wconf 88' lang='grc'>18</span> <span class='ocrx_word' id='word_1_217' title='bbox 2032 3107 2183 3163; x_wconf 56' lang='lat' dir='ltr'>eddx</span> <span class='ocrx_word' id='word_1_218' title='bbox 2236 3110 2294 3162; x_wconf 82' lang='lat' dir='ltr'>et</span> <span class='ocrx_word' id='word_1_219' title='bbox 2342 3114 2374 3159; x_wconf 84' lang='lat' dir='ltr'><strong>G</strong></span> 
     </span>
     <span class='ocr_line' id='line_1_33' title="bbox 230 3177 2374 3253; baseline -0.001 -18"><span class='ocrx_word' id='word_1_220' title='bbox 230 3200 268 3235; x_wconf 68' lang='lat' dir='ltr'>a</span> <span class='ocrx_word' id='word_1_221' title='bbox 292 3184 314 3253; x_wconf 76' lang='grc' dir='ltr'>ΙΙ</span> <span class='ocrx_word' id='word_1_222' title='bbox 341 3186 445 3237; x_wconf 75' lang='grc'>251</span> <span class='ocrx_word' id='word_1_223' title='bbox 487 3180 659 3236; x_wconf 85' lang='lat' dir='ltr'>Iudex</span> <span class='ocrx_word' id='word_1_224' title='bbox 693 3185 739 3234; x_wconf 89' lang='lat' dir='ltr'>A</span> <span class='ocrx_word' id='word_1_225' title='bbox 758 3179 1035 3236; x_wconf 75' lang='lat' dir='ltr'>c.1ndex</span> <span class='ocrx_word' id='word_1_226' title='bbox 1073 3183 1109 3233; x_wconf 83' lang='grc' dir='ltr'><strong><em>ς</em></strong></span> <span class='ocrx_word' id='word_1_227' title='bbox 1147 3177 1368 3234; x_wconf 84' lang='lat' dir='ltr'>Uindex</span> <span class='ocrx_word' id='word_1_228' title='bbox 1405 3179 1524 3233; x_wconf 80' lang='lat' dir='ltr'>edd.</span> <span class='ocrx_word' id='word_1_229' title='bbox 1558 3178 1822 3247; x_wconf 65' lang='grc'>111-1818111</span> <span class='ocrx_word' id='word_1_230' title='bbox 1859 3183 1895 3229; x_wconf 78' lang='lat' dir='ltr'>c</span> <span class='ocrx_word' id='word_1_231' title='bbox 1914 3196 1966 3248; x_wconf 76' lang='lat' dir='ltr'>a,</span> <span class='ocrx_word' id='word_1_232' title='bbox 2001 3193 2140 3234; x_wconf 80' lang='lat' dir='ltr'>corr.</span> <span class='ocrx_word' id='word_1_233' title='bbox 2164 3178 2374 3234; x_wconf 77' lang='lat' dir='ltr'>Markl.</span> 
     </span>
    </p>
   </div>
   <div class='ocr_carea' id='block_1_8' title="bbox 229 3249 2375 3394">
    <p class='ocr_par' dir='ltr' id='par_1_26' title="bbox 229 3249 2375 3394">
     <span class='ocr_line' id='line_1_34' title="bbox 229 3249 2375 3378; baseline -0.002 -70"><span class='ocrx_word' id='word_1_234' title='bbox 229 3254 255 3378; x_wconf 50' lang='lat' dir='ltr'>{l</span> <span class='ocrx_word' id='word_1_235' title='bbox 289 3259 397 3309; x_wconf 79' lang='grc'>253</span> <span class='ocrx_word' id='word_1_236' title='bbox 443 3251 649 3307; x_wconf 86' lang='grc'>1111111118</span> <span class='ocrx_word' id='word_1_237' title='bbox 692 3251 924 3321; x_wconf 75' lang='lat' dir='ltr'>trinisq3</span> <span class='ocrx_word' id='word_1_238' title='bbox 967 3255 1041 3305; x_wconf 85' lang='lat' dir='ltr'>A·</span> <span class='ocrx_word' id='word_1_239' title='bbox 1088 3250 1274 3305; x_wconf 82' lang='lat' dir='ltr'>minus</span> <span class='ocrx_word' id='word_1_240' title='bbox 1320 3249 1555 3319; x_wconf 86' lang='lat' dir='ltr'>crinisq;</span> <span class='ocrx_word' id='word_1_241' title='bbox 1603 3255 1639 3301; x_wconf 76' lang='lat'><strong>0</strong></span> <span class='ocrx_word' id='word_1_242' title='bbox 1691 3251 1713 3319; x_wconf 70' lang='lat' dir='ltr'>fl</span> <span class='ocrx_word' id='word_1_243' title='bbox 1765 3254 1871 3305; x_wconf 81' lang='grc'>258</span> <span class='ocrx_word' id='word_1_244' title='bbox 1907 3250 2095 3305; x_wconf 74' lang='lat' dir='ltr'>malim</span> <span class='ocrx_word' id='word_1_245' title='bbox 2131 3249 2375 3320; x_wconf 85' lang='lat' dir='ltr'>(Quippe</span> 
     </span>
     <span class='ocr_line' id='line_1_35' title="bbox 254 3320 2375 3394; baseline -0.002 -14"><span class='ocrx_word' id='word_1_246' title='bbox 254 3342 355 3379; x_wconf 90' lang='grc'>1188</span> <span class='ocrx_word' id='word_1_247' title='bbox 403 3340 576 3380; x_wconf 85' lang='lat' dir='ltr'>causa</span> <span class='ocrx_word' id='word_1_248' title='bbox 618 3326 727 3394; x_wconf 85' lang='lat' dir='ltr'>est)</span> <span class='ocrx_word' id='word_1_249' title='bbox 765 3326 776 3389; x_wconf 75' lang='grc'>1</span> <span class='ocrx_word' id='word_1_250' title='bbox 808 3323 997 3393; x_wconf 86' lang='grc'>8831118</span> <span class='ocrx_word' id='word_1_251' title='bbox 1032 3326 1104 3376; x_wconf 78' lang='lat' dir='ltr'>A:</span> <span class='ocrx_word' id='word_1_252' title='bbox 1142 3337 1343 3391; x_wconf 84' lang='lat' dir='ltr'>segnes</span> <span class='ocrx_word' id='word_1_253' title='bbox 1380 3326 1416 3373; x_wconf 74' lang='lat' dir='ltr'><strong><em>G</em></strong></span> <span class='ocrx_word' id='word_1_254' title='bbox 1449 3323 1457 3391; x_wconf 84' lang='grc' dir='ltr'>Ι</span> <span class='ocrx_word' id='word_1_255' title='bbox 1487 3322 1622 3376; x_wconf 85' lang='lat' dir='ltr'>tabe</span> <span class='ocrx_word' id='word_1_256' title='bbox 1659 3320 2007 3377; x_wconf 72' lang='lat' dir='ltr'>Gronouius:</span> <span class='ocrx_word' id='word_1_257' title='bbox 2047 3320 2177 3376; x_wconf 85' lang='lat' dir='ltr'>labe</span> <span class='ocrx_word' id='word_1_258' title='bbox 2214 3326 2251 3373; x_wconf 81' lang='lat' dir='ltr'>c</span> <span class='ocrx_word' id='word_1_259' title='bbox 2287 3339 2321 3375; x_wconf 80' lang='lat' dir='ltr'><strong>a</strong></span> <span class='ocrx_word' id='word_1_260' title='bbox 2356 3321 2375 3390; x_wconf 66' lang='lat' dir='ltr'>l}</span> 
     </span>
    </p>
   </div>
   <div class='ocr_carea' id='block_1_9' title="bbox 228 3391 2499 3500">
    <p class='ocr_par' dir='ltr' id='par_1_27' title="bbox 228 3391 2499 3500">
     <span class='ocr_line' id='line_1_36' title="bbox 228 3391 2499 3500; baseline -0.003 -49"><span class='ocrx_word' id='word_1_261' title='bbox 228 3401 337 3451; x_wconf 78' lang='grc'>259</span> <span class='ocrx_word' id='word_1_262' title='bbox 385 3395 684 3477; x_wconf 81' lang='lat' dir='ltr'>praemisit</span> <span class='ocrx_word' id='word_1_263' title='bbox 724 3399 770 3448; x_wconf 87' lang='lat' dir='ltr'>A</span> <span class='ocrx_word' id='word_1_264' title='bbox 816 3399 879 3450; x_wconf 75' lang='lat' dir='ltr'>c·</span> <span class='ocrx_word' id='word_1_265' title='bbox 927 3393 1210 3464; x_wconf 86' lang='lat' dir='ltr'>permisit·</span> <span class='ocrx_word' id='word_1_266' title='bbox 1227 3410 1261 3446; x_wconf 80' lang='lat' dir='ltr'><strong>a</strong></span> <span class='ocrx_word' id='word_1_267' title='bbox 1313 3392 1576 3463; x_wconf 85' lang='lat' dir='ltr'>promisit</span> <span class='ocrx_word' id='word_1_268' title='bbox 1618 3392 1939 3500; x_wconf 62' lang='lat' dir='ltr'>Gronovius</span> <span class='ocrx_word' id='word_1_269' title='bbox 1991 3394 2012 3463; x_wconf 88' lang='grc' dir='ltr'>ΙΙ</span> <span class='ocrx_word' id='word_1_270' title='bbox 2065 3398 2170 3448; x_wconf 82' lang='grc'>263</span> <span class='ocrx_word' id='word_1_271' title='bbox 2215 3391 2377 3447; x_wconf 84' lang='lat' dir='ltr'>nouit</span> <span class='ocrx_word' id='word_1_272' title='bbox 2498 3429 2499 3434; x_wconf 18' lang='grc' dir='ltr'><strong>κ</strong></span> 
     </span>
    </p>
   </div>
   <div class='ocr_carea' id='block_1_10' title="bbox 231 3465 806 3522">
    <p class='ocr_par' dir='ltr' id='par_1_28' title="bbox 231 3465 806 3522">
     <span class='ocr_line' id='line_1_37' title="bbox 231 3465 806 3522; baseline -0.007 0"><span class='ocrx_word' id='word_1_273' title='bbox 231 3467 426 3522; x_wconf 65' lang='grc' dir='ltr'><strong>Ποπιε</strong></span> <span class='ocrx_word' id='word_1_274' title='bbox 461 3466 624 3522; x_wconf 85' lang='grc'>1101111</span> <span class='ocrx_word' id='word_1_275' title='bbox 656 3465 733 3519; x_wconf 79' lang='grc' dir='ltr'>Δ*</span> <span class='ocrx_word' id='word_1_276' title='bbox 769 3471 806 3518; x_wconf 76' lang='lat' dir='ltr'>c</span> 
     </span>
    </p>
   </div>
  </div>
 </body>
</html>
