2517 3909
307 140 386 203 78
497 159 503 167 ·
977 153 1040 202 P.
1085 152 1359 202 PAan
1401 151 1634 202 srA'rn

302 309 584 388 Mirabar,
633 328 737 370 cur
761 309 995 389 ‘templa
1035 309 1175 370 mihi
1212 309 1523 370 tremuisse
1565 308 1786 369 Dianae

303 395 508 474 Nuper
550 403 611 457 et
651 393 897 455 inferior
940 393 1103 454 vultu
1143 393 1255 454 dea
1297 395 1455 470 visa,
1500 394 1804 472 sacrisque

305 479 570 541 Exuviae
612 479 887 541 cecidere
928 477 1139 539 tholis:
1183 478 1319 538 hinc
1363 481 1603 557 segnior
1642 495 1814 538 arcus

304 563 716 645 Difficilesque
752 581 987 640 manus,
1031 572 1098 623 et
1135 562 1298 623 nullo
1340 563 1398 622 in
1432 563 1675 623 vulnere
1716 571 1937 623 certae.

305 648 608 728 Expecta,
654 648 787 709 dum
831 648 1015 709 maior
1047 648 1270 724 honos,
1316 647 1448 708 dum
1498 647 1713 707 firmius
1755 665 1982 722 aevum,
2198 659 2302 715 335

302 733 453 794 Dum
493 735 684 802 roseis
717 734 880 794 venit
917 731 1117 793 umbra
1159 732 1331 811 genis
1368 732 1678 811 vultusque
1718 732 2000 793 recedunt

306 817 424 878 Ore
465 819 606 887 mei;
652 826 790 878 tunc
829 817 989 878 bella
1024 816 1129 876 tibi
1167 816 1536 896 ferrumque,
1576 816 1732 896 quod
1776 816 1968 893 ardes,

301 901 439 981 Ipsa
481 901 667 979 dabo,
712 911 772 962 et
807 903 972 963 nvllo
1015 902 1215 963 matris
1251 902 1618 962 revocabere
1658 901 1817 965 fletu.

302 985 470 1047 Nunc
507 987 669 1048 refer
711 1004 867 1048 arma
911 987 1171 1064 domum,
1227 1004 1340 1047 vos
1380 995 1574 1046 autem
1619 985 1770 1047 hunc
1811 987 1899 1047 ire
1947 988 2172 1064 sinetis,

305 1070 607 1151 ArcadeS,
654 1089 689 1131 o
735 1073 891 1132 saxis
930 1072 1193 1131 nimirum
1230 1079 1291 1131 et
1329 1069 1545 1132 robore
1589 1071 1770 1131 nati!’
2198 1082 2305 1138 340

435 1155 605 1217 Plura
654 1157 839 1236 cupit;
884 1155 998 1217 fusi
1042 1156 1258 1216 circum
1302 1165 1587 1236 natusque
1631 1156 1930 1235 ducesque

307 1241 581 1303 Solantur
620 1242 990 1320 minuuntque
1034 1249 1251 1317 metus,
1301 1250 1359 1301 et
1393 1243 1505 1301 iam
1548 1239 1781 1301 horrida
1819 1240 2094 1321 clangunt

306 1326 485 1405 Signa
528 1324 721 1386 tubae.
805 1324 1026 1404 Nequit
1064 1324 1165 1384 illa
1209 1327 1309 1404 pio
1356 1325 1645 1386 dimittere
1685 1335 1878 1386 natum

310 1407 668 1489 Complexu,
712 1410 1062 1489 multumque
1106 1409 1238 1470 duci
1285 1409 1644 1471 commendat
1680 1409 1955 1471 Adrasto.

435 1493 513 1554 At
557 1503 726 1573 parte
770 1512 847 1554 ex
884 1495 999 1556 alia
1042 1491 1240 1554 Cadmi
1284 1494 1566 1556 Mavortia
1610 1493 1843 1574 plebes,
2198 1506 2300 1560 345

308 1578 537 1639 Moesta
578 1578 742 1640 ducis
785 1578 981 1656 furiis,
1025 1597 1139 1639 nec
1181 1578 1326 1640 belli
1370 1581 1572 1640 territa
1614 1578 1787 1656 fama,

307 1697 394 1711 -—-·
434 1662 678 1737 Quando
721 1664 810 1725 his
844 1664 1139 1743 vulgatum
1181 1664 1550 1726 descendere
1593 1663 1814 1724 viribus
1857 1664 2086 1742 Argos,
2133 1698 2222 1713 —-·

309 1747 553 1809 Tardius
598 1748 699 1809 illa
742 1750 1008 1829 quidem,
1046 1749 1208 1827 regis
1251 1766 1586 1828 causaeque
1629 1748 1877 1827 pudore,

308 1832 523 1893 Verum
564 1832 723 1894 bella
767 1843 982 1895 movet.
1074 1832 1233 1894 Nulli
1278 1834 1644 1910 destringere
1689 1832 1907 1894 ferrum

304 1918 574 1997 Iapetus,
622 1929 717 1980 aut
758 1918 1031 1980 humeros
1078 1918 1274 1997 clipeo
1318 1918 1599 1979 clausisse
1638 1926 1882 1997 paterno
2201 1929 2305 1984 350

306 2002 496 2064 Dulce
536 2021 649 2063 nec
698 2004 985 2083 alipedum
1028 2005 1163 2081 iuga
1206 2019 1477 2080 comere,
1515 2002 1708 2081 qualia
1751 2001 1894 2064 belli

314 2086 563 2156 Gaudia;
604 2087 818 2149 deiecti
857 2088 1119 2167 trepidas
1162 2088 1290 2147 sine
1331 2096 1562 2164 mente,
1608 2088 1733 2147 sine
1773 2089 1859 2148 ira

310 2171 640 2232 Promisere
682 2189 912 2242 manus;
954 2172 1051 2233 hic
1093 2189 1276 2250 aegra
1319 2172 1378 2231 in
1415 2181 1577 2233 sorte
1615 2182 1918 2251 parentem

306 2256 678 2334 Unanimum‚
718 2256 815 2317 hic
861 2256 1065 2317 dulces
1103 2257 1437 2336 primaevae
1483 2257 1747 2335 coniugis
1790 2273 1970 2318 annos

307 2340 583 2419 Ingemit,
625 2351 683 2401 et
726 2341 951 2419 gremio
994 2341 1242 2401 miseros
1288 2359 1641 2403 accrescere
1675 2350 1861 2402 natos.
2197 2351 2298 2406 355

305 2425 569 2487 Bellator
612 2426 752 2486 nulli
796 2425 973 2487 caluit
1016 2425 1188 2494 deus;
1226 2427 1357 2505 ipsa
1400 2435 1630 2487 vetusto

307 2509 538 2570 Moenia
582 2510 736 2572 lassa
773 2512 885 2571 situ
919 2528 1282 2589 magnaeque
1321 2509 1663 2590 Amphionis
1706 2528 1873 2571 arces

305 2595 425 2656 Iam
464 2594 684 2655 fessum
714 2597 880 2656 senio
918 2596 1128 2657 nudant
1165 2595 1348 2673 latus,
1398 2604 1459 2655 et
1503 2589 1617 2656 fide
1657 2613 1823 2656 sacra

310 2679 615 2759 Aequatos
660 2681 866 2756 coelo,
909 2680 1141 2740 surdum
1183 2689 1361 2759 atque
1400 2679 1694 2758 ignobile,
1739 2697 1935 2740 muros

310 2763 525 2824 Firmat
574 2783 741 2844 opus.
830 2763 1047 2825 Tamen
1082 2773 1141 2824 et
1183 2763 1425 2825 Boeotis
1465 2763 1707 2824 urbibus
1748 2765 1923 2825 ultrix
2204 2774 2306 2830 360

307 2848 586 2929 Adspirat
624 2849 765 2910 ferri
804 2847 1035 2926 rabies,
1074 2866 1188 2909 nec
1230 2851 1392 2928 regis
1441 2850 1620 2929 iniqui

309 2933 614 3011 Subsidio‚
663 2942 932 3014 quantum
976 2934 1140 2994 socia
1183 2952 1295 3013 pro
1330 2943 1506 3012 gente
1550 2944 1872 2995 moventur.

426 3017 535 3079 Ille
574 3018 741 3078 velut
775 3019 1013 3098 pecoris
1057 3018 1226 3099 lupus
1276 3027 1644 3098 expugnator
1687 3020 1883 3099 opimi,

306 3101 556 3163 Pectora
590 3102 809 3163 tabenti
853 3102 1015 3163 sanie
1056 3104 1254 3182 gravis
1297 3102 1560 3183 hirtaque
1603 3104 1746 3164 setis

309 3186 424 3247 Ora
464 3196 761 3272 cruentata
806 3187 1083 3249 deformis
1121 3188 1333 3249 hiantia
1368 3187 1519 3262 lana,
2201 3193 2302 3253 365

307 3270 574 3332 Decedit‘
599 3272 880 3350 stabuliS,
925 3273 1039 3334 huc
1077 3272 1217 3333 illuc
1259 3272 1486 3333 turbida
1528 3290 1771 3332 versans

308 3355 575 3433 Lumina,
634 3358 684 3416 si
727 3357 853 3418 duri
898 3365 1197 3437 comperta
1240 3356 1409 3417 clade
1452 3357 1768 3436 sequantur

309 3439 613 3521 Pastores‚
656 3443 964 3523 magnique
1001 3440 1148 3520 fugit
1183 3442 1551 3503 non-inscius
1593 3443 1737 3502 ausi.
