2517 3909
862 126 1262 176 meamus
1308 127 1450 176 Lm.
1496 127 1564 175 v,
2099 113 2218 176 103

207 284 364 346 Vela
407 282 772 347 laborantem
809 280 1016 345 Calain
1055 281 1417 344 subnectere
1454 283 1619 345 malo

206 369 383 430 Voce
421 387 705 449 manuque
745 377 946 448 rogan
1004 370 1261 448 quatient
1304 368 1626 448 inpulsibus
1671 367 1755 428 illi

210 452 381 515 Nunc
417 454 605 531 freta,
648 469 800 515 nunc
835 471 1061 530 muros,
1107 454 1216 514 sed
1252 472 1365 516 nec
1409 454 1728 533 spumantia
1775 452 2006 515 cedunt
2078 465 2219 518 ,410

212 542 527 618 Aequora,
571 548 630 599 et
672 540 944 599 incussae
985 537 1232 600 redeunt
1276 556 1310 599 a
1350 538 1603 598 turribus
1641 538 1866 600 hastae.

209 622 349 703 lpse
395 641 609 701 graves
659 624 866 684 fluctus
910 622 1250 702 clavumque
1294 623 1493 685 audire
1537 631 1849 700 negantem

207 707 417 769 Lassat
459 725 643 785 agens
685 707 907 787 Tiphys
952 707 1305 788 palletque,-
1338 716 1398 770 et
1440 707 1687 787 plurima
1728 713 1908 769 mutat

209 792 465 872 Imperia
495 810 579 853 ac
619 793 818 853 laevas
852 792 1206 871 dextrasque
1241 792 1559 872 obtorquet
1600 794 1655 851 in
1700 791 1882 853 undas

209 877 449 939 Proram
489 876 1068 955 navifragisavidam
1101 893 1461 938 concurrere
1501 878 1691 951 saxis,
2050 883 2057 892 '
2109 886 2214 939 415

207 960 419 1024 Donec
455 962 531 1024 ab
576 971 875 1023 extremae
914 979 1119 1026 cuneo·
1149 964 1291 1023 ratis
1326 961 1567 1023 Aesone
1611 970 1780 1023 natus

209 1046 507 1108 Palladios
546 1046 754 1124 oleae,
796 1045 988 1126 Mopsi
1027 1048 1384 1125 gestamina,
1426 1063 1620 1108 ramos

209 1129 436 1193 Extulit
475 1141 534 1192 et
572 1132 798 1192 socium
837 1130 1006 1193 turba
1043 1132 1390 1211 prohibente
1435 1133 1711 1212 poposcit

210 1213 512 1294 Foedera,
554 1215 909 1296 praecipites
952 1219 1163 1278 vocem
1205 1216 1508 1277 involvere
1552 1213 1877 1295 procellae.

339 1307 359 1337 ‘
376 1301 537 1361 Tunc
557 1301 763 1362 modus
788 1318 1074 1362 annorum
1090 1346 1107 1379 ,
1134 1302 1470 1381 pariterque
1496 1301 1777 1362 exhausta
1800 1297 2065 1378 quierant
2105 1307 2213 1362 420

209 1384 504 1462 Flamina,
555 1385 924 1465 confusoque
956 1386 1084 1447 dies
1127 1387 1393 1467 respexit
1435 1385 1706 1465 Olympo.

209 1470 639 1550 Quinquaginta
678 1470 765 1531 illi
804 1470 1066 1532 trabibus
1110 1470 1183 1532 de
1225 1489 1391 1532 more
1433 1470 1710 1531 revinctis

207 1554 446 1616 Emiuus
488 1554 736 1635 abrupto
785 1557 1043 1635 quatiunt
1085 1573 1236 1617 nova
1280 1557 1451 1617 litora
1488 1556 1669 1623 saltu'3
1888 1607 1907 1624 .

207 1638 550 1719 Magnorum
593 1639 810 1702 decora
851 1640 968 1701 alta
1012 1649 1272 1719 patrum,
1316 1641 1429 1700 iam
1463 1639 1659 1701 fronte
1703 1641 1898 1700 sereni

202 1723 626 1802 Noscendique
665 1723 892 1800 habitu,
949 1734 1255 1803 postquam
1296 1725 1469 1784 timor
1511 1725 1711 1803 iraque
1756 1725 1937 1784 cessit
2105 1732 2209 1787 425

205 1807 509 1877 vultibus:
550 1826 760 1870 arcana
783 1809 892 1869 sic
927 1809 1077 1870 fama
1119 1826 1428 1888 erumpere
1473 1817 1644 1887 porta

211 1891 584 1968 Coelicolas‚
628 1895 676 1953 si
720 1892 948 1972 quando
995 1893 1198 1954 domus
1242 1893 1493 1972 litusque
1528 1892 1835 1952 rubentum

209 1977 568 2057 Aethiopum
610 1987 674 2039 et
713 1996 944 2039 musas
978 1994 1142 2039 amor
1185 1988 1278 2038 est
1321 1979 1534 2040 intrare
1578 1978 1853 2037 minores.

203 2061 361 2125 Dant
403 2062 561 2123 fluvii
603 2071 966 2143 montesque.
995 2063 1216 2143 locum,
1261 2072 1381 2123 tum
1419 2071 1576 2123 terra
1613 2061 1880 2142 superbit

209 2146 562 2224 Gressibus,
610 2156 672 2207 et
712 2147 944 2227 paulurn
986 2148 1239 2228 respirat
1283 2147 1532 2208 coeliier
1572 2146 1761 2207 Atlas.
2104 2153 2213 2209 430

338 2231 488 2293 ‘Hic
533 2241 593 2293 et
632 2231 728 2292 ab‘
753 2240 982 2304 asserto
1027 2250 1213 2312 nuper
1249 2231 1592 2293 Marathone
1636 2230 1954 2312 superbum

207 2317 442 2380 Thesea
485 2326 547 2377 et
582 2316 888 2395 Ismarios,
933 2316 1244 2398 Aquilonia
1286 2319 1587 2397 pignora,¹
1613 2316 1860 2393 fratres,

207 2402 469 2482 Utraque
515 2402 645 2483 quis
675 2401 849 2463 rutila
895 2402 1219 2466 stridebant
1260 2412 1523 2482 tempora
1560 2419 1785 2480 penna,

209 2484 546 2556 Cernimus;
590 2487 684 2548 hic
719 2486 964 2547 Phoebe
1002 2501 1118 2547 non
1158 2487 1492 2565 indignante
1534 2486 1792 2565 priorem

208 2571 517 2632 Admetum
564 2580 626 2631 et
665 2571 844 2633 durae
886 2572 1313 2634 similaemnihil
1358 2569 1594 2651 Orphea
1637 2569 1934 2648 Thracae,
2103 2579 2208 2633 435

209 2655 374 2717 Tunc
418 2655 647 2737 prolem
689 2654 991 2732 Calydone
1030 2665 1213 2716 satam
1251 2674 1653 2735 generumque
1697 2654 1969 2735 profundi

207 2740 460 2802 Nereos.
550 2740 840 2818 Ambiguo
884 2742 1044 2801 v‘ffius
1079 2758 1283 2801 errore
1327 2740 1626 2802 lacessunt

211 2825 534 2887 Oebalidae
571 2826 814 2904 gemini;
865 2825 1122 2902 chlamys
1155 2825 1323 2902 huic,
1367 2824 1625 2903 chlamys
1668 2825 1836 2887 ardet
1876 2835 1937 2888 et
1971 2827 2078 2905 ini,

208 2909 401 2972 Ambo
446 2910 657 2971 hastile
699 2909 944 2988 gerunt,
987 2910 1261 2970 humeros
1308 2919 1546 2971 exertus
1589 2920 1865 2989 uterque,

207 2992 409 3056 Nudus
453 3004 702 3075 uterque
746 3011 962 3073 genas,
1009 2995 1179 3055 simili
1219 3012 1389 3055 coma
1428 2994 1682 3073 fulgurat
1723 3006 1904 3058 astro.
2050 3045 2055 3050 .
2104 3004 2210 3059 440

208 3078 405 3140 Audet
446 3081 559 3141 iter
595 3081 903 3159 magnique
948 3096 1204 3159 sequens
1242 3080 1492 3157 vestigia
1539 3089 1718 3141 mutat

206 3163 510 3242 Herculis,
555 3175 614 3225 et
655 3164 818 3225 tarda
858 3163 1221 3243 quamvisse
1267 3163 1422 3224 mole
1462 3163 1750 3228 ferentem

204 3247 325 3309 Vix
364 3267 537 3312 cursu
574 3257 742 3310 tener
779 3247 1246 3328 aequat-Hylas,
1286 3249 1669 3329 Lernaeaque
1714 3248 1931 3310 tollens
2022 3275 2025 3280 ·

202 3332 420 3409 Arma,
463 3333 571 3394 sub
613 3331 834 3413 ingenti
874 3333 1090 3412 gaudet
1126 3334 1339 3395 sudare
1377 3334 1672 3413 pharetra.

337 3423 359 3454 θ
377 3418 537 3498 Ergo
572 3419 780 3480 iterum
810 3417 1016 3479 Venus
1047 3427 1107 3480 et
1137 3419 1337 3481 tacitis
1377 3417 1556 3479 cerda
1585 3434 1794 3496 aspera
1825 3417 2066 3478 flammis
2101 3427 2207 3482 445
