2517 3909
331 111 413 177 58
995 123 1063 174 P.
1102 121 1370 172 Parnm
1412 121 1647 173 s'rA'rn

328 282 624 363 Sanguine
660 278 1096 363 proscissisque
1133 281 1335 341 mant
1371 277 1707 359 palearibus
1750 281 1910 342 armi.

328 370 492 431 Tunc
537 383 774 448 quoque
817 366 974 428 lassa
1011 374 1197 426 tumet
1235 366 1421 425 vinus
1457 365 1811 445 multumque
1853 363 2121 445 superbit

326 455 579 517 Pectore
614 453 930 532 despecto;
970 467 1159 512 vacua
1197 451 1357 511 iacet
1400 449 1586 510 hostis
1622 465 1800 511 arena

328 540 525 619 Turpe
564 534 1187 616 gemens·crudosque
1225 542 1395 595 vetat
1428 535 1649 604 sentire
1682 534 1952 596 dolores.
2227 544 2333 600 335

458 622 617 685 Talis
658 631 813 691 eran
853 619 1077 681 medias
1117 620 1295 680 etiam
1328 635 1446 678 non
1481 618 1700 684 destitit
1736 619 1941 696 nrbes,

329 707 621 787 Quidquid
664 715 723 767 et
762 704 1013 786 Asopon
1052 714 1411 783 veteresque
1453 704 1762 766 interiacet
1799 703 1999 782 Argos

327 793 690 855 Inflammare
729 790 908 868 odiis,
951 789 1309 869 ntlmmqne
1357 797 1416 849 et
1456 787 1674 868 ubique
1708 798 1988 850 retexens
2040 829 2047 840 .

327 878 610 958 Legatum
653 891 790 938 sese
833 874 1005 937 Graia
1039 873 1114 936 de
1153 882 1334 952 gente
1379 874 1646 954 petendis
2004 913 2009 920 -

326 962 457 1025 Isse
500 979 680 1042 super
714 959 913 1040 regnis
955 958 1192 1040 profugi
1231 958 1562 1037 Polynicis,
1607 967 1667 1020 at
1708 958 1842 1021 inde
2226 965 2336 1021 240

330 1047 494 1124 Vim,
539 1055 808 1122 noctem,
847 1044 1077 1121 scelus,
1118 1059 1311 1122 arma,
1356 1041 1563 1122 dolos,
1608 1062 1678 1104 ea
1716 1041 1962 1106 foedera
1999 1058 2237 1125 passum

330 1132 517 1210 Regis
552 1129 852 1208 Echionii,
895 1129 1058 1190 fratri
1103 1147 1210 1192 sua
1242 1129 1369 1190 iura
1411 1129 1635 1207 negari.

328 1216 522 1279 Prona
566 1214 712 1276 fides
754 1213 1009 1296 populis.
1090 1213 1253 1275 Deus
1295 1214 1488 1276 omnia
1533 1213 1778 1275 credere
1820 1212 2029 1284 suadet

331 1302 747 1381 Armipotens,
781 1299 1158 1379 geminatque
1190 1308 1476 1378 acceptos
1517 1298 1669 1361 fama
1703 1314 1983 1377 pavores.

460 1385 655 1465 thue
698 1386 1095 1462 introgressus
1136 1392 1342 1462 portas
1373 1419 1462 1431 —-
1501 1393 1561 1445 et
1605 1383 1759 1444 forte
1799 1382 2094 1445 verendos
2228 1392 2336 1448 545

334 1470 603 1532 Concilio
644 1478 820 1549 pater
860 1469 995 1547 ipse
1029 1467 1213 1530 duces
1253 1467 1514 1546 cogebat
1550 1466 1874 1544 Adrastus,
1917 1502 2005 1518 --

331 1555 672 1635 luprovisus
716 1552 916 1629 adest,
955 1552 1068 1613 iam
1106 1551 1271 1613 illinc
1313 1572 1347 1614 a
1391 1552 1661 1633 postibus
1702 1551 1897 1630 aulae,

329 1639 721 1701 vociferans:
763 1637 1015 1715 ‘Ar-ma,
1053 1654 1212 1698 arma
1253 1639 1394 1715 viri,
1434 1648 1617 1718 tuque
1661 1637 1880 1717 optime
1921 1635 2149 1699 Lernae

332 1725 594 1801 Ductor,
636 1725 1053 1803 magnanimum
1095 1723 1148 1783 si
1192 1724 1322 1801 quis
1363 1721 1470 1783 tibi
1512 1724 1751 1800 sanguis
1792 1737 2050 1801 avorum,

330 1812 512 1871 Arma
552 1815 711 1889 para.
792 1807 1089 1892 Nusquam
1132 1806 1353 1887 pietas,
1398 1825 1513 1868 non
1551 1806 1823 1885 gentibus
1860 1824 2109 1889 aequum
2230 1817 2341 1872 35⁰

333 1895 449 1956 Fas
492 1902 587 1954 aut
631 1910 770 1955 cura
805 1891 993 1964 Iovis3
1035 1892 1246 1953 meiius
1284 1892 1513 1971 legatas
1552 1889 1805 1952 adissem

334 1982 706 2041 Sauromatas
750 1978 953 2040 avidos
999 1986 1479 2056 servatoremque
1520 1984 1818 2037 cruentum

332 2062 607 2140 Bebrycii
648 2063 932 2131 nemerim
977 2079 1093 2123 nec
1133 2062 1294 2122 iussa
1330 2062 1535 2122 incuso
1577 2062 1816 2140 pigetve

335 2148 566 2226 Officii,
611 2150 769 2209 iuvat
803 2149 957 2223 isse,
999 2146 1191 2224 iuvat,
1231 2146 1584 2226 Thebasque
1627 2153 1912 2207 nocentes

331 2233 701 2314 Explorasse
740 2250 939 2299 manu:
982 2229 1148 2291 bello
1190 2250 1320 2308 me,
1367 2230 1625 2308 credite,
1669 2229 1855 2307 bello,
2226 2237 2341 2293 35⁵

338 2317 465 2379 Ceu
507 2318 707 2378 turrim
747 2315 996 2377 validam
1037 2325 1135 2377 aut
1171 2324 1391 2377 arctam
1434 2313 1815 2395 compagibus
1855 2312 2079 2389 urbem,

337 2402 575 2464 Delecti
616 2401 836 2462 insidiis
878 2401 1257 2480 instructique
1299 2399 1563 2461 omnibus
1606 2400 1783 2461 armis

331 2486 526 2548 Nocte
566 2485 822 2566 doloque
867 2485 977 2546 viri
1013 2486 1224 2546 nudum
1264 2486 1663 2564 ignarumque·
1685 2484 1950 2546 locorum

332 2571 735 2651 Nequicquam
779 2569 1078 2641 clausere3
1122 2569 1316 2632 iacent
1353 2571 1413 2630 in
1456 2569 1736 2648 sang-uine
1779 2568 1939 2628 mixti

335 2658 491 2718 Ante
530 2656 729 2717 urbem
768 2674 1032 2717 vacuam.
1076 2653 1245 2717 Nunc
1289 2672 1359 2733 o,
1404 2671 1559 2716 nunc
1591 2663 1820 2733 tempus
1864 2652 1924 2712 in
1956 2651 2185 2728 hostes,
2230 2659 2343 2718 36⁰

333 2742 487 2804 Dum
530 2740 745 2821 trepidi
779 2755 1200 2819 exanguesque
1241 2748 1431 2816 metu,
1476 2740 1609 2800 dum
1646 2738 1850 2800 funera
1893 2746 2147 2817 portant,

333 2827 486 2889 Dum
533 2825 743 2906 capulo
785 2825 1033 2886 nondum
1073 2841 1275 2885 manus
1315 2824 1560 2894 excidit;
1607 2824 1735 2903 ipse
1778 2838 1898 2901 ego
1941 2822 2141 2890 fessus

336 2910 764 2992 Quinquaginta
803 2909 922 2971 illis
965 2909 1210 2969 heroam
1251 2908 1570 2969 inmanibus
1616 2907 1833 2969 umbris

334 2996 715 3076 Vulneraque
752 2996 864 3056 ista
906 2994 1105 3055 ferens
1148 2995 1305 3072 putri
1343 2994 1623 3056 insiccata
1662 3009 1874 3055 cruore

335 3080 604 3142 Protinus
648 3081 737 3141 ire
777 3083 966 3158 peto?
1052 3077 1293 3157 Trepidi
1332 3078 1411 3138 de
1448 3076 1689 3138 sedibus
1735 3077 1963 3139 adstant
2231 3085 2342 3143 365

334 3164 678 3241 Inachidae,
725 3164 1067 3242 cunctisque
1110 3163 1275 3242 prior
1321 3158 1630 3223 Cadmeius
1670 3162 1849 3222 heros

333 3249 609 3310 Accurrit
644 3248 865 3309 vultum
902 3247 1168 3308 deiectus
1208 3257 1269 3308 et
1308 3244 1435 3306 ‘En
1478 3263 1597 3325 ego
1642 3247 1789 3308 divis

334 3332 563 3393 Invisus
597 3332 870 3411 vitaeque
911 3349 1134 3392 nocens
1175 3331 1326 3392 baec
1367 3331 1609 3392 vulnera
1649 3347 1831 3392 cerno

337 3414 619 3496 Integer?
657 3417 844 3477 hosne
885 3416 1023 3479 mibi
1063 3415 1317 3495 reditus,
1362 3433 1668 3495 germane,
1710 3413 2005 3496 parabas?
