2517 3909
294 116 375 179 94
607 115 628 138 ⁶
723 145 730 156 ·
957 129 1024 175 P.
1063 125 1328 176 PAPINII
1371 126 1602 176 s'rA‘rn

290 287 599 348 Tartareas
643 284 792 345 inter
830 282 1095 346 thalamis
1132 284 1417 344 volitasse
1460 300 1700 344 sorores

288 371 637 450 Vulgarent;
681 377 863 448 utque
901 367 1180 448 inplicitis*
1208 383 1418 429 arcana
1462 368 1758 429 domorum

290 455 591 535 Anguibus
637 462 697 515 et
731 469 911 514 saeva
953 452 1265 513 formidine·
1305 461 1513 513 cuncta
1550 452 1807 531 replevit

290 540 540 617 Limina,
584 556 699 600 nec
740 536 836 598 fidi
876 538 1152 617 populum
1193 537 1465 600 miserata
1503 536 1711 613 mariti,

288 626 555 688 Protinus
598 643 631 686 a
674 621 889 684 Lemno
929 623 1116 683 teneri
1153 620 1416 699 fugistis,
1460 620 1739 689 Amorem
2207 630 2278 686 70

286 709 481 771 Motus
519 708 744 785 Hymen
781 723 1107 787 versaeque
1147 705 1346 781 faces,
1390 714 1454 766 et
1490 706 1703 784 frigida
1741 705 1874 767 insti

290 792 442 855 Cura
484 795 631 862 tori3
679 792 877 853 nullae
910 792 1155 853 redeunt
1198 791 1256 851 in
1295 788 1505 868 gandia
1546 799 1776 867 noctes,

285 876 494 940 Nullus
531 878 592 938 in
629 877 905 957 amplexu
941 892 1124 956 sopor
1165 882 1291 951 est,
1333 874 1465 936 odia
1501 891 1714 955 aspera
1754 875 1989 953 ubique,

286 961 363 1024 Et
404 961 591 1023 Furor
634 971 694 1022 et
732 959 924 1022 medio
965 958 1210 1022 recubat
1248 958 1559 1021 Discordia
1601 960 1780 1021 lecto.

289 1045 442 1109 Cura
482 1047 626 1107 viris
666 1045 916 1106 tumidos
952 1046 1200 1107 adversa
1243 1042 1505 1105 Thracas
1542 1046 1601 1104 in
1645 1060 1749 1105 ora
2204 1051 2274 1108 75

286 1130 513 1193 Emere
554 1141 612 1193 et
654 1145 886 1191 saevam
923 1128 1196 1191 bellando
1236 1128 1514 1207 frangere
1548 1139 1824 1207 gentem·
1936 1135 1943 1142 ’

416 1216 717 1295 Quumque
761 1215 963 1275 domus
1003 1223 1208 1275 contra
1243 1222 1580 1294 stantesque
1628 1215 1686 1275 in
1729 1213 1902 1274 litore
1939 1214 2080 1289 nati,

287 1301 528 1363 Dulcius
567 1295 803 1366 Edonas
846 1298 1069 1360 hiemes
1110 1299 1451 1378 Arctonque
1492 1298 1839 1359 frementem

286 1385 612 1465 Excipere,
657 1393 756 1444 aut
795 1384 1023 1445 tandem
1064 1385 1238 1444 tacita
1275 1392 1412 1462 post
1456 1383 1683 1464 proelia
1724 1391 1900 1443 nocte

286 1469 623 1531 Fractorum
657 1468 876 1529 subitas
915 1478 1231 1530 torrentum
1274 1467 1471 1528 andire
1509 1470 1722 1529 ruinas.
2200 1474 2276 1530 80

284 1554 431 1616 Illae
473 1562 664 1615 antem
700 1553 931 1630 tristes,
971 1570 1098 1613 nam
1136 1571 1229 1613 me
1268 1561 1404 1613 tunc
1444 1552 1631 1613 libera
1652 1549 1827 1613 'curis

287 1639 603 1717 Virginitas
645 1638 893 1717 annique
933 1646 1164 1716 tegunt,
1210 1635 1316 1698 sub
1351 1647 1527 1698 nocte
1564 1635 1777 1717 dieque

288 1723 554 1784 Assiduis
597 1740 813 1800 aegrae
850 1724 907 1783 in
953 1723 1235 1798 lacrimis,
1282 1721 1528 1784 solantia
1572 1722 1819 1781 miscent

289 1805 631 1888 Colloquia,
670 1815 767 1868 aut
806 1825 1040 1869 saevam
1072 1815 1340 1887 spectant
1373 1816 1529 1867 trans
1564 1822 1822 1886 aequora
1860 1802 2145 1866 Thracen.

408 1892 511 1954 Sol
558 1909 798 1971 operum
843 1892 1070 1953 medius
1110 1906 1327 1952 summo
1367 1890 1618 1952 librabat
1657 1890 1904 1970 Olympo
2203 1900 2276 1956 85

285 1978 607 2054 Lucentes,
648 1993 758 2037 ceu
799 1985 1013 2053 staret,
1059 1992 1281 2055 equos;
1324 1985 1530 2054 quater
1569 1993 1680 2036 axe
1720 1991 1936 2035 sereno

285 2060 567 2136 Intonuit,
612 2070 818 2140 quater
858 2071 1018 2145 antra
1059 2060 1154 2121 dei
1193 2060 1463 2121 fumantis
1508 2061 1751 2122 anhelos

285 2146 588 2207 Exeruere
629 2146 862 2224 apices,
906 2146 1213 2224 ventisque
1256 2143 1596 2205 absentibus
1638 2145 1851 2223 Aegon

286 2231 474 2293 Motus
495 2275 513 2308 ,
558 2237 620 2291 et
655 2230 875 2307 ingenti
918 2230 1211 2310 percussit
1248 2229 1421 2291 litora
1465 2240 1678 2310 ponto:

288 2315 473 2390 Quum
514 2313 707 2374 subito
749 2311 1071 2375 horrendas
1113 2314 1245 2375 aevi
1286 2325 1505 2375 matura
1542 2315 1766 2391 Polyxo
1974 2357 1979 2364 -
2196 2323 2270 2379 90

286 2399 534 2460 Tollitur
575 2400 632 2458 in
674 2394 1271 2479 furias-thalamisque
1313 2400 1539 2460 insueta
1582 2399 1805 2461 relictis

284 2484 517 2546 Evolat.
607 2482 814 2545 Insano
857 2484 1039 2545 veluti
1081 2483 1428 2545 Theumesia
1470 2483 1662 2561 Thyas

284 2568 473 2648 Rapta
513 2567 659 2646 deo,
706 2587 878 2649 quum
915 2586 1082 2630 sacra
1121 2577 1336 2629 vocant
1368 2567 1660 2649 Idaeaque
1695 2566 1901 2629 suadet

284 2654 480 2715 Buxus
519 2660 588 2712 et·
613 2670 654 2713 a
698 2655 928 2715 summis
968 2654 1193 2715 auditus
1239 2653 1527 2714 montibus
1568 2652 1758 2714 Evan:

286 2740 386 2800 Sic
432 2746 628 2798 erecta
669 2755 853 2816 genas
895 2740 1196 2817 aciemque
1231 2738 1416 2800 effusa
1460 2739 1729 2799 trementi
2195 2745 2266 2800 95

287 2822 578 2900 Sanguine
619 2821 911 2884 desertam
950 2821 1167 2883 rabidis
1205 2819 1557 2884 clamoribus
1588 2822 1795 2883 urbem

284 2906 592 2985 Exagitat,
638 2907 983 2987 clausasque
1026 2906 1234 2967 domos
1274 2915 1335 2968 et
1377 2908 1567 2970 limina
1604 2906 1843 2988 pulsans

288 2990 609 3052 Concilium
650 3001 844 3054 vocat.
928 2990 1139 3052 Infelix
1178 2992 1481 3053 comitatus
1522 2995 1678 3054 eunti

282 3075 613 3137 Haerebant
653 3078 807 3154 nati,
852 3084 1025 3155 atque
1066 3076 1203 3140 illae
1243 3093 1361 3137 non
1405 3079 1643 3155 segnius
1686 3093 1889 3136 omnes

283 3160 604 3241 Erumpunt
643 3162 845 3237 tectis,
890 3178 1253 3241 summasque
1297 3161 1367 3222 ad
1406 3161 1676 3223 Pallados
1709 3178 1879 3223 arces
2170 3174 2273 3228 100

285 3244 572 3324 Impetus;
617 3245 731 3305 huc
769 3262 1029 3324 propere
1071 3248 1350 3326 stipamur
1390 3256 1449 3307 et
1492 3247 1696 3308 ordine
1737 3245 1896 3306 nullo

286 3328 657 3407 Congestae‚
700 3329 901 3390 stricto
939 3326 1076 3390 mox
1116 3348 1260 3391 ense
1299 3329 1526 3392 silentia
1567 3332 1733 3392 iussit

282 3412 580 3475 Hortatrix
621 3412 941 3494 scelerum,
987 3423 1048 3476 et
1085 3415 1279 3477 medio
1318 3417 1583 3480 sic-ausa
1623 3416 1841 3495 profari
1884 3425 2002 3477 est:
