2517 3909
334 125 415 188 80
1037 140 1100 189 P.
1133 141 1403 190 mrum
1428 141 1665 192 sum

330 292 631 372 Longaevi
668 313 778 358 rex
813 293 963 358 vatis
1007 311 1182 377 opem
1223 297 1618 379 tenebrasque
1660 311 1911 377 sagaces

333 379 629 458 Tiresiae,
674 382 772 462 qui
814 397 941 441 mos
988 382 1212 446 ineerta
1251 382 1630 463 paventibus,
1672 402 1855 462 aeger

334 462 621 525 Consulit.
687 465 800 527 Ille
840 465 990 528 deos
1029 484 1146 528 non
1187 467 1353 545 largn
1396 467 1576 529 caede
1613 469 1941 546 iuvencum,

328 547 465 610 Non
504 547 682 609 alacri
725 555 917 630 penna
959 560 1057 612 aut
1092 569 1295 613 verum
1331 552 1683 633 spirantibus
1718 555 1892 630 exfis,

330 632 461 694 Nec
502 634 734 713 tripode
776 635 1036 715 inplicito
1077 638 1451 717 numerisque
1495 638 1870 716 sequentibus
1906 648 2087 733 astra,

333 717 526 779 Turea
566 736 678 779 nec
713 735 890 801 supra
930 721 1210 786 volitante
1246 721 1450 784 altaria
1487 722 1666 798 fumo,

333 802 476 865 Tam
519 804 786 882 penitus,
831 805 1008 866 durae
1053 824 1222 885 quam
1262 809 1466 867 mortis
1508 806 1687 868 limite
1729 823 1931 867 munes

329 886 579 948 Elicitos
623 891 882 968 patuisse
921 890 1140 967 refert,
1183 890 1555 969 Lethaeaque
1596 907 1764 952 sacra

328 971 408 1032 Et
450 990 700 1033 mersum
740 973 954 1036 Ismeni
999 974 1201 1036 subter
1241 975 1488 1036 confinia
1531 984 1711 1055 ponto

326 1055 629 1118 Miscentis
673 1067 839 1138 parat
880 1068 1013 1121 ante
1057 1060 1302 1137 ducem,
1347 1062 1681 1140 circumque
1724 1060 2019 1123 bidentum

329 1140 672 1202 Visceribus
716 1142 966 1221 laceris,
1013 1154 1071 1205 et
1113 1145 1285 1206 odori
1327 1145 1565 1206 sulfuris
1607 1161 1744 1207 aura

330 1225 810 1307 Graminibusque
850 1230 1019 1290 novis
1060 1237 1122 1290 et
1161 1230 1349 1307 longo
1387 1248 1672 1290 murmure
1712 1241 1941 1310 purgat.

459 1310 618 1373 Silva
662 1330 848 1392 capax
891 1315 1022 1374 aevi
1063 1314 1373 1393 validaque
1417 1316 1653 1376 incurva
1691 1324 1951 1391 senecta,

328 1397 646 1457 Aeternum
689 1399 954 1459 intonsae
985 1398 1244 1475 frondis,
1286 1409 1405 1460 stat
1447 1400 1648 1479 pervii!
1690 1399 1862 1460 nullis

329 1480 595 1550 Solibus3
637 1481 789 1543 baud
833 1482 989 1544 illam
1030 1482 1271 1545 brumae
1311 1486 1604 1559 minuere,
1644 1482 1907 1545 Notusve

326 1565 427 1626 lus
462 1564 671 1643 habet,
719 1576 816 1628 aut
858 1566 1060 1629 Getica
1096 1568 1321 1629 Boreas
1361 1570 1627 1648 inpactus
1666 1568 1740 1629 ab
1782 1587 1934 1628 ursa.

325 1649 543 1712 Subter
583 1668 771 1730 opaca
814 1653 1011 1731 quies,
1054 1671 1392 1732 vacuusque
1426 1654 1654 1714 silentia
1692 1662 1893 1714 servat

325 1734 580 1811 Horror,
625 1744 685 1796 et
730 1736 1012 1799 exclusae
1045 1737 1425 1817 pallet-mala
1469 1738 1617 1798 lucis
1659 1739 1870 1815 imago.

324 1818 455 1881 Nec
498 1829 659 1882 caret
696 1820 897 1883 umbra
939 1821 1089 1900 deo,
1134 1823 1357 1883 nemori
1397 1821 1636 1883 Latonia
1676 1822 1887 1884 cultrix

322 1904 598 1974 Additur;
641 1904 790 1966 banc
831 1907 1041 1986 piceae
1085 1908 1366 1986 cedrique
1411 1916 1470 1968 et
1513 1906 1729 1967 robore
1773 1907 1829 1967 in
1872 1909 2025 1968 omni

325 1988 595 2051 Effictam
638 1992 853 2052 sanctis
890 1992 1147 2053 occultat
1187 1992 1336 2053 silva
1376 1991 1656 2053 tenebris.

321 2072 502 2135 Huius
537 2074 913 2155 inadspectae
952 2076 1087 2137 luco
1125 2076 1376 2137 stridere
1412 2077 1659 2153 sagittae

321 2157 723 2238 Nocturnique
767 2178 970 2221 canum
1011 2161 1442 2239 gemitus,.ubi
1480 2161 1673 2222 limina
1713 2163 1901 2240 patrui

322 2242 543 2322 Effugit
590 2244 765 2323 inque
801 2261 988 2306 novae
1029 2246 1242 2306 melior
1278 2246 1431 2307 redit
1471 2260 1573 2305 ora
1608 2244 1848 2306 Dianae.

322 2328 436 2388 Ast
478 2327 576 2389 ubi
617 2327 778 2390 fessa
814 2330 964 2407 iugis
1001 2329 1324 2409 dulcesque
1365 2330 1641 2392 altissima
1685 2347 1921 2392 somnos

320 2411 448 2475 Lux
486 2421 717 2490 movet,
757 2412 855 2474 hic
894 2415 1015 2475 late
1057 2415 1260 2476 iaculis
1306 2416 1521 2476 circum
1560 2414 1810 2493 undique
1853 2414 1983 2474 fixis

319 2495 579 2560 Effusam
611 2497 882 2577 pharetra
925 2500 1220 2560 cervicem
1266 2509 1517 2578 excepta
1554 2500 1820 2578 quiescit.

449 2580 630 2644 Extra
671 2584 896 2644 inmane
939 2593 1141 2663 patent
1184 2585 1358 2646 tellus
1399 2583 1715 2660 Mavortia,
1754 2583 1961 2662 campi,

319 2664 539 2726 Foetus
584 2685 729 2745 ager
772 2665 1021 2746 Cadmo,
1063 2669 1240 2730 durus
1284 2670 1382 2748 qui
1415 2685 1654 2730 vomere
1696 2668 1882 2746 primo

320 2748 462 2810 Post
504 2754 966 2830 consanguineas
1014 2756 1174 2815 acies
1215 2754 1532 2833 sulcosque
1575 2762 1858 2813 nocentes

318 2834 515 2895 Ausus
556 2835 784 2896 humum
825 2855 1103 2913 versare,
1150 2847 1210 2899 et
1250 2840 1438 2918 putria
1484 2839 1766 2915 sanguine
1807 2846 1970 2916 prata

316 2916 522 2991 Eruit;
560 2921 826 2999 ingentes
861 2921 1066 2983 infelix
1108 2931 1265 2983 terra
1298 2922 1571 2986 tumultus

316 3002 488 3064 Lucis
532 3005 719 3066 adhuc
763 3006 956 3067 medio
997 3007 1242 3086 solaque
1286 3010 1346 3068 in
1387 3017 1562 3068 nocte
1601 3025 1715 3087 per
1755 3006 1984 3068 umbras

315 3085 591 3168 Expirat,
630 3091 780 3168 nigri
821 3109 993 3170 quum
1029 3111 1177 3153 vana
1218 3093 1276 3152 in
1318 3092 1549 3173 proelia
1592 3100 1836 3170 surgunt

316 3171 704 3252 'terrigenam
749 3174 897 3255 fugit
938 3178 1178 3257 incepto
1221 3177 1636 3239 tremebundus
1681 3177 1754 3237 ab
1799 3192 1938 3236 arvo

313 3256 628 3337 Agricola,
673 3261 974 3341 insanique
1018 3262 1247 3323 domum
1291 3261 1522 3322 rediere
1559 3261 1807 3322 iuvenci.
1884 3263 1893 3270 “

440 3341 548 3403 Hic
591 3346 789 3407 senior
829 3356 995 3408 vates
1037 3377 1122 3395 -—-
1162 3347 1384 3423 Stygiis
1426 3345 1805 3408 accommoda
1844 3344 2064 3423 quippe

314 3420 496 3487 Terra
538 3429 756 3510 sacris,
800 3432 1055 3511 vivoque
1099 3430 1336 3509 placent
1374 3430 1502 3492 sola
1546 3431 1782 3511 pinguia
1821 3428 1994 3505 tabo,
2040 3463 2127 3475 -—

2228 564 2335 619 410

2226 990 2332 1042 415

2220 1833 2327 1887 425

2219 2256 2328 2312 430
