2517 3909
306 119 434 182 254
986 132 1049 181 P.
1088 131 1356 181 PAPINII
1395 132 1624 182 sTA'rn

302 287 653 351 Vulneribus
697 288 919 366 maguis
957 298 1017 350 et
1056 288 1129 350 de
1173 289 1385 350 virtute
1430 297 1761 368 queruntur.

303 373 540 453 Frigida
576 373 856 451 digeritur
897 383 1158 451 strages,
1202 382 1444 453 patuere
1490 375 1720 434 recisae

307 460 452 521 Cum
495 457 719 538 capulis
762 457 1059 537 hastisque
1101 476 1303 519 manus
1344 458 1666 537 mediisque
1713 458 1958 535 sagittae

299 544 629 606 Luminibus
672 551 922 613 stantes;
966 542 1156 607 multis
1200 545 1451 620 vestigia
1489 543 1686 605 caedis

300 629 505 704 Nulla,
550 636 719 688 ruunt
760 627 994 707 planctu
1039 628 1333 707 pendente
1379 638 1439 688 et
1480 626 1693 705 ubique
1738 634 1962 705 parato,

300 716 379 775 At
420 715 638 775 circum
675 712 950 774 informes
981 721 1228 773 truncos
1269 711 1600 773 miserabile
1645 712 1831 788 surgit

300 796 639 873 Certamen,
682 798 779 877 qui
821 799 969 858 iusta
1011 797 1233 874 ferant,
1279 798 1377 875 qui
1417 796 1619 857 funera
1660 796 1887 857 ducant.

300 885 493 962 Saepe
541 883 710 942 etiam
751 881 1027 959 hostiles,
1074 881 1210 943 lusit
1252 880 1505 943 Fortuna
1546 899 1880 960 parumper,

299 967 552 1046 Decepti
594 966 816 1027 flevere
860 967 1049 1037 viros;
1087 983 1200 1026 nec
1245 975 1407 1027 certa
1449 964 1696 1027 facultas

295 1051 599 1127 Noscere,
639 1069 812 1130 quem
852 1052 1048 1111 miseri
1088 1051 1273 1112 vitent
1308 1051 1615 1113 calcentve,
1656 1066 1946 1110 cruorem.

426 1137 503 1197 At
548 1136 756 1215 quibus
799 1144 890 1195 est
931 1136 1153 1197 inlaesa
1197 1137 1399 1198 domus
1441 1136 1727 1214 vacuique
1777 1134 2039 1212 dolores,

296 1222 414 1282 Aut
453 1222 688 1282 deserta
727 1222 864 1299 vagi
900 1219 1160 1285 Danaum
1191 1220 1444 1281 tentoria
1481 1220 1723 1283 lustrant

293 1306 695 1385 Inmittuntque
741 1305 937 1381 faces,
982 1314 1110 1381 aut,
1157 1322 1306 1383 quae
1348 1314 1485 1385 post
1524 1304 1684 1367 bella
1737 1304 2029 1382 voluptaffi

296 1391 595 1466 Quaerunt
638 1390 919 1468 dispersi,
966 1390 1158 1451 iaceat
1200 1407 1317 1468 quo
1359 1389 1604 1470 pulvere
1650 1387 1907 1466 Tydeus,

296 1476 388 1536 An
428 1476 577 1554 rapti
619 1483 815 1552 pateat
849 1492 1066 1552 specus
1109 1475 1377 1552 auguris,
1422 1483 1520 1535 aut
1559 1473 1658 1534 ubi
1698 1475 1891 1535 divum

290 1559 521 1637 Hostis,
566 1576 637 1618 an
682 1558 977 1619 aetheriae
1013 1559 1210 1619 vivant
1253 1576 1365 1638 per
1402 1558 1659 1619 membra
1701 1558 1958 1620 favillae.

291 1644 411 1705 Iam
454 1643 703 1703 lacrimis
749 1652 1020 1722 exempta
1057 1644 1215 1721 dies,
1259 1662 1372 1705 nec
1415 1662 1584 1704 serus
1622 1643 1820 1720 abegit

288 1728 557 1808 Vesper:
608 1737 794 1788 amant
831 1729 1027 1791 miseri
1071 1729 1321 1790 lamenta
1360 1728 1644 1806 malisque
1677 1728 1958 1788 fruuntur.

290 1811 420 1873 Nec
462 1812 694 1872 subiere
738 1814 975 1888 domos,
1021 1813 1129 1873 sed
1177 1814 1394 1875 circum
1434 1813 1639 1872 funera
1682 1829 1911 1891 pernox

292 1896 485 1959 Turba
529 1897 727 1972 sedet,
771 1897 1113 1977 vicibusque
1160 1898 1309 1959 datis
1353 1898 1578 1960 alterna
1618 1905 1923 1974 gementes

290 1982 433 2060 Igne
477 1982 636 2042 feras
674 1981 1027 2062 planctuque
1072 1982 1303 2059 fugant;
1346 2001 1460 2045 nee
1500 1981 1769 2045 dulcibus
1807 1982 1976 2042 astris

288 2067 496 2143 Victa,
542 2084 654 2126 nec
696 2067 929 2128 assiduo
974 2068 1238 2127 coierunt
1281 2067 1492 2127 lumina
1534 2066 1693 2127 fletu.

415 2150 643 2212 Tertius
686 2150 972 2213 Auroram
1014 2151 1285 2230 pulsabat
1320 2151 1585 2227 Lucifer,
1632 2160 1696 2212 et
1738 2150 1849 2211 iam

284 2234 571 2297 Montibus
616 2234 836 2297 orbatis
878 2236 1140 2297 lucorum
1182 2236 1406 2313 gloria,
1449 2254 1692 2312 magnae

286 2320 597 2380 Theumesi
639 2338 859 2383 venere
903 2319 1135 2397 trabes,
1183 2330 1245 2381 et
1289 2321 1472 2382 amica
1514 2317 1831 2383 Cithaeron

285 2404 447 2465 Silva
495 2407 685 2482 rogis;
727 2404 930 2467 ardent
968 2407 1206 2467 excisae
1248 2407 1481 2466 viscera
1519 2406 1712 2482 gentis

282 2488 533 2549 Molibus
578 2490 917 2558 exstructis;
964 2506 1237 2568 supremo
1282 2508 1520 2551 munere
1561 2489 1817 2567 gaudent

283 2572 496 2650 Ogygii
535 2591 768 2644 manes;
812 2575 1072 2653 queritur
1110 2574 1444 2637 miserabile
1489 2573 1718 2639 Graium

283 2656 448 2717 Nuda
492 2657 707 2718 cohors
750 2660 1104 2738 vetitumque
1148 2674 1392 2737 gemens
1428 2658 1806 2721 circumvolat
1846 2659 2065 2736 ignem.

280 2741 514 2821 Accipit
553 2750 610 2801 et
652 2744 814 2804 suevi
854 2761 1056 2805 manes
1098 2743 1364 2807 Eteoclis
1404 2744 1633 2821 iniquos

278 2826 729 2905 Haudquaquam
770 2828 992 2904 regalis
1032 2827 1254 2904 honos,
1297 2827 1552 2904 Argivus
1593 2825 1799 2889 haberi

280 2909 487 2970 Frater
527 2912 717 2970 iussus
762 2908 950 2973 adhuc
989 2921 1161 2991 atque
1205 2912 1381 2975 exule
1426 2912 1662 2991 pellitur
1704 2912 1923 2975 umbra.

402 2993 481 3054 At
516 3012 633 3054 nou
675 2994 914 3074 plebeio
953 2995 1175 3059 fumare
1220 2995 1545 3059 Menoecea
1581 2996 1754 3059 busto

276 3076 409 3138 Rex
452 3081 684 3156 genitor
724 3078 1081 3159 Thebaeque
1123 3083 1349 3155 sinunt,
1392 3099 1503 3141 nec
1542 3080 1759 3145 robora
1805 3082 1981 3143 vilem

277 3164 620 3223 Struxerunt
658 3162 732 3224 de
775 3181 943 3225 more
984 3182 1221 3242 rogum3
1267 3165 1374 3226 sed
1417 3163 1668 3227 bellicus
1712 3184 1901 3244 agger

277 3243 554 3305 Curribus
588 3255 646 3306 et
686 3247 893 3326 clipeis
923 3247 1338 3327 Graiorumque
1381 3248 1644 3311 omnibus
1680 3253 1859 3315 armis

275 3330 588 3400 Sternitur;
632 3331 879 3393 hostiles
924 3350 1101 3411 super
1142 3334 1313 3411 ipse,
1353 3342 1415 3411 ut
1452 3335 1681 3414 victor,
1723 3353 1999 3414 acervos,

271 3409 534 3472 Pacifera
569 3414 734 3476 lauro
780 3417 998 3479 crinem
1035 3417 1308 3496 vittisque
1348 3418 1623 3487 decorus*

2229 890 2304 944 35

2227 1736 2304 1792 45

2216 3433 2295 3488 65
