2517 3909
443 0 568 54 0·
2359 0 2485 64 ‘f

375 143 494 208 180
1044 161 1109 209 Ρ.
1154 159 1423 208 PAPINII
1465 156 1697 209 snm

374 316 495 377 Iam
541 333 715 377 cruor
756 316 814 375 in
857 315 1063 394 galea,
1106 316 1216 376 iam
1259 317 1457 377 saucia
1494 317 1712 396 proluit
1749 327 1876 378 ater

372 401 621 463 Pectora
664 401 984 480 permixtus
1020 400 1234 461 sudore
1279 410 1337 461 et
1378 403 1658 479 sanguine
1698 412 1952 462 torrens.

505 484 769 566 Respicit
811 485 1109 546 hortantes
1154 488 1354 546 socios
1398 496 1454 547 et
1489 486 1723 547 Pallada
1761 488 1950 564 fidam,

370 569 625 648 Longius
665 572 940 651 opposita
982 570 1266 632 celantem
1308 571 1519 632 lumina
1558 588 1788 650 parma:
2312 581 2406 636 715

372 654 501 716 Ibat
543 657 693 716 enim
735 674 999 733 magnum
1043 655 1298 716 lacrimis
1338 656 1640 717 inflectere
1680 666 1924 735 patrem.

368 739 533 801 Ecce
580 749 743 801 secat
789 740 1093 820 Zephyros
1135 742 1431 818 ingentem
1470 741 1728 801 fraxinus
1770 744 1910 800 iram

371 824 798 904 Fortunamque
841 825 1071 902 ferens,
1113 826 1215 886 teli
1257 843 1376 886 non
1419 828 1631 886 eminet
1674 835 1895 886 auctor.

371 909 684 971 Astacides
726 908 1093 989 Menalippus
1133 920 1293 988 erat,
1330 929 1444 970 nec
1477 909 1732 990 prodidit
1764 912 1918 989 ipse,

371 993 450 1055 Et
493 994 675 1056 vellet
716 994 957 1055 latuisse
996 1013 1250 1071 manum,
1300 995 1407 1056 sed
1443 994 1653 1073 gaudia
1692 1004 1914 1054 turmae
2312 1008 2407 1063 720

373 1078 773 1140 Monstrabant
818 1081 1123 1159 trepidum.
1208 1079 1356 1140 Nam
1398 1080 1589 1140 flexus
1630 1073 1686 1140 in
1720 1078 1819 1139 ilia
1857 1078 2101 1154 Tydeus

376 1165 732 1228 Submissum
777 1164 927 1224 latus
972 1173 1032 1223 et
1074 1165 1249 1243 clipei
1291 1165 1594 1225 laxaverat
1635 1164 1856 1225 orbem.

378 1247 710 1311 Clamorem
754 1248 928 1308 Aonii
966 1250 1212 1308 miscent
1250 1251 1641 1328 gemitumque
1682 1248 1935 1326 Pelasgi,

374 1334 802 1412 obiectantque
844 1351 1044 1392 manus
1084 1334 1589 1412 indignantemque
1622 1342 1867 1393 tuentur.

374 1419 487 1480 Ille
528 1436 639 1497 per
683 1419 991 1497 oppositos
1035 1418 1212 1496 longe
1254 1419 1491 1479 rimatus
1533 1435 1785 1479 amarum
2304 1431 2405 1487 725

379 1501 734 1578 Astaciden,
775 1504 915 1562 totis
958 1504 1181 1563 animae
1228 1520 1293 1563 se
1339 1504 1499 1580 cogit
1535 1503 1594 1561 in
1635 1504 1807 1562 ictum
2184 1517 2196 1534 *

375 1585 689 1666 Relliquiis
728 1587 1023 1666 telumque
1065 1588 1222 1664 iacit,
1269 1587 1424 1667 quod
1455 1588 1754 1666 proximus
1779 1585 2043 1665 Hopleus

375 1670 765 1733 Praebuerat:
811 1673 964 1751 perit
1004 1690 1324 1751 expressus
1358 1673 1656 1732 conamine
1701 1673 1955 1749 sanguis.

501 1755 662 1817 Tunc
705 1757 901 1816 tristes
939 1758 1086 1817 socii
1123 1758 1392 1836 cupidum
1434 1755 1661 1817 bellare
1703 1790 1786 1802 --
1828 1757 1955 1835 quis
2000 1756 2237 1821 ardor!
2290 1795 2380 1807 —-·

373 1839 453 1902 Et
492 1850 836 1921 poscentem
874 1842 1071 1902 hastas
1111 1841 1419 1921 mediaque
1470 1842 1529 1900 in
1563 1850 1751 1901 morte
1788 1850 2105 1918 negantem
2302 1854 2407 1911 730
2484 1913 2485 1916 Ἴ

375 1925 666 2006 Expirare
708 1925 966 2007 trahunt,
1011 1927 1329 2005 summique
1367 1927 1424 1986 in
1464 1928 1722 2003 margine
1768 1927 1956 2004 campi
2484 1919 2485 1942 ff

376 2010 655 2072 Effultum
708 2013 935 2088 gemina
978 2011 1160 2070 latera
1194 2011 1526 2071 inclinantia
1567 2028 1763 2090 parma

379 2095 635 2172 Ponunt,
674 2112 747 2155 ac
790 2096 949 2156 saevi
992 2096 1308 2155 rediturum
1351 2096 1424 2157 ad
1463 2095 1690 2176 proelia
1731 2092 1930 2155 Martis

380 2179 724 2241 Promittunt
762 2180 989 2240 flentes.
1076 2178 1195 2240 Sed
1238 2190 1297 2240 et
1333 2181 1462 2259 ipse
1507 2180 1794 2240 recedere
1835 2179 2069 2240 coelum

377 2264 773 2344 Ingentesque
818 2266 1037 2324 animos
1083 2273 1348 2325 extremo
1385 2264 1610 2344 frigore
1651 2263 1768 2324 labi
2294 2276 2402 2333 735

380 2351 608 2427 Sensit,
648 2357 710 2410 et
751 2350 977 2409 innixus
1018 2357 1213 2409 terrae
1252 2348 1685 2426 ‘Miserescite,
1733 2348 1962 2423 clamat,

378 2433 725 2495 Inachidae:
770 2451 886 2494 non
929 2451 1064 2494 ossa
1100 2450 1320 2512 precor
1356 2433 1684 2493 referantur
1722 2441 1783 2493 ut
1820 2432 2040 2510 Argos,

379 2519 729 2579 Aetolumve
774 2519 987 2588 larem;
1033 2536 1145 2578 nec
1186 2520 1335 2577 enim
1379 2517 1515 2578 mibi
1558 2535 1698 2578 cura
1736 2519 1989 2597 supremi

379 2603 654 2671 Funeris;
703 2606 799 2666 odi
841 2613 999 2663 artus
1040 2602 1426 2683 fragilemque
1470 2602 1622 2662 hunc
1665 2604 1932 2682 corporis
1975 2621 2144 2663 usum

381 2688 764 2749 Desertorem
809 2689 996 2747 animi.
1079 2685 1304 2766 Caput,
1352 2704 1388 2747 o
1435 2696 1640 2767 caput,
1683 2704 1719 2747 o
1762 2688 1897 2748 mihi
1939 2688 1988 2747 si
2025 2690 2161 2767 quis
2287 2700 2400 2757 740

382 2773 705 2852 Apportet,
748 2771 1114 2851 Menalippe,
1159 2772 1344 2833 tuum!
1386 2789 1514 2832 nam
1556 2772 1815 2833 volveris
1854 2772 2030 2849 arvis,

379 2856 524 2918 Fido
561 2856 860 2935 equidem,
909 2874 1021 2915 nec
1062 2874 1154 2916 me
1187 2858 1370 2917 virtus
1416 2873 1686 2935 suprema
1723 2856 1954 2917 fefellit.

381 2942 442 3017 Ι,
491 2958 735 3021 precor,
781 2941 946 3000 Atrei
986 2942 1037 3001 si
1078 2941 1212 3020 quid
1246 2941 1351 3002 tibi
1393 2943 1685 3019 sanguinis
1723 2959 2007 3020 umquam,

382 3025 824 3107 Hippomedon;
864 3026 1047 3103 vade,
1093 3042 1129 3085 o
1174 3027 1374 3105 primis
1417 3044 1564 3106 puer
1602 3025 1799 3087 inclite
1842 3025 2017 3085 bellis
2484 3091 2485 3098 χ

384 3111 573 3172 Arcas
619 3119 678 3171 et
719 3109 1037 3187 Argolicae
1083 3109 1362 3190 Capaneu
1397 3112 1510 3171 iam
1545 3112 1791 3171 maxime
1835 3114 2104 3171 turmae-⁹
2283 3122 2396 3181 745

511 3195 653 3256 Moti
696 3211 929 3271 omnes,
977 3193 1082 3255 sed
1124 3196 1342 3274 primus
1387 3195 1505 3256 abit
1544 3196 1881 3275 primusque
1924 3207 2228 3275 repertum

384 3278 702 3340 Astaciden
739 3278 931 3339 medio
971 3277 1279 3357 Capaneus
1323 3298 1356 3340 e
1398 3280 1643 3358 pulvere
1673 3280 1838 3340 ‘tollit

385 3365 742 3441 spirantem,
787 3363 1072 3443 laevaque
1116 3381 1295 3443 super
1337 3366 1573 3425 cervice
1614 3373 1897 3445 reportat,

389 3446 581 3525 Terga
627 3456 1019 3510 cruentantem
1062 3450 1333 3509 concussi
1372 3449 1627 3511 vulneris
1672 3450 1852 3513 unda:
