2517 3909
186 186 274 251 28
878 186 940 244 P.
977 186 1257 243 PAPINII
1296 186 1539 243 STATII

191 330 598 399 Consuerant
643 333 1041 417 scissumque
1086 353 1285 417 pecus
1330 337 1631 418 terraque
1674 333 1966 399 revulsas

189 421 383 487 Ferre
428 423 650 487 trabes
696 425 1046 508 gratosque
1091 422 1211 488 deo
1256 425 1591 506 praestare
1634 422 1907 488 furores.

189 509 327 575 Lex
376 512 608 594 procul
653 511 752 576 ire
796 533 1042 577 mares:
1089 512 1289 576 iterat
1332 515 1682 596 praecepta
1725 510 2045 577 verendus

192 598 474 683 Ductor,
518 600 1047 685 inaccessumque
1090 601 1248 665 viris
1297 600 1569 666 edicitur
1614 602 1896 667 antrum.

191 687 332 754 Nec
382 689 545 754 satis
593 693 718 754 est:
766 692 903 754 stat
944 689 1074 753 fine
1121 689 1276 754 dato
1322 688 1672 755 metuenda
1717 689 2018 755 sacerdos
2130 704 2240 754 600

190 777 649 863 Exploretque
694 778 938 861 aditus,
982 800 1066 844 ne
1112 780 1257 863 quis
1304 782 1660 843 temerator
1706 779 1967 844 oberret

191 867 480 953 Agmine
523 863 827 933 femineo.
918 867 1187 932 Tacitus
1234 867 1364 932 sibi
1408 868 1557 932 risit
1602 867 1912 933 Achilles.

188 956 418 1042 Illum,
463 957 795 1042 virgineae
842 957 1182 1022 ducentem
1228 958 1417 1044 signa
1463 959 1762 1023 catervae

190 1044 562 1133 Magnaque
607 1046 863 1112 difficili
909 1047 1270 1114 solventem
1316 1049 1586 1116 brachia
1628 1051 1813 1116 motu

194 1134 317 1224 (Et
364 1159 553 1203 sexus
599 1137 847 1221 pariter
891 1138 1076 1202 decet
1121 1142 1187 1203 et
1231 1140 1573 1205 mendacia
1614 1136 1871 1224 matris)
2124 1152 2231 1204 605

192 1224 519 1292 Mirantur
564 1228 852 1294 comites.
940 1225 1079 1292 Nec
1125 1228 1258 1293 iam
1304 1229 1742 1314 pulcherrima
1784 1228 2018 1293 turbae

191 1315 534 1381 Deidamia
580 1338 734 1381 suae
778 1318 1165 1401 tantumque
1211 1318 1478 1383 admota
1524 1317 1802 1402 superbo

190 1405 497 1471 Vincitur
540 1404 852 1492 Aeacide,
896 1410 1209 1490 quantum
1254 1408 1498 1493 premit
1541 1407 1689 1491 ipsa
1734 1427 2007 1472 sorores.

192 1493 290 1561 Ut
336 1516 491 1560 vero
539 1517 575 1559 e
619 1496 811 1560 tereti
858 1495 1121 1561 demisit
1164 1496 1441 1561 nebrida
1486 1496 1656 1561 collo

190 1584 633 1669 Errantesque
682 1584 860 1651 sinus
907 1585 1148 1651 hedera
1193 1584 1460 1671 collegit
1506 1589 1573 1650 et
1619 1586 1749 1649 alte
2126 1597 2233 1649 610

192 1672 413 1739 Cinxit
456 1675 797 1759 purpureis
842 1675 1148 1741 flaventia
1192 1679 1490 1759 tempora
1533 1674 1721 1740 vittis

190 1762 629 1849 Vibravitque
675 1767 862 1850 gravi
906 1765 1281 1830 redimitum
1327 1765 1578 1830 missile
1624 1763 1880 1829 dextra:

191 1853 499 1918 Attonito
546 1856 683 1918 stat
725 1853 920 1919 turba
963 1857 1168 1939 metu,
1216 1855 1548 1938 sacrisque
1592 1853 1836 1918 relictis

191 1941 392 2007 Illum
439 1942 686 2007 ambire
732 1942 896 2009 libet
937 1964 1309 2028 pronosque
1357 1944 1656 2009 attollere
1701 1942 1942 2008 vultus.

192 2029 396 2115 Talis,
426 2031 539 2096 ubi
569 2032 650 2097 ad
670 2031 930 2097 Thebas
959 2032 1345 2116 vultumque
1374 2033 1792 2115 animumque
1819 2030 2074 2096 remisit
2127 2046 2231 2097 615

189 2119 441 2186 Euhius
491 2124 558 2185 et
602 2121 818 2204 patrio
865 2121 1138 2186 satiavit
1180 2125 1449 2205 pectora
1492 2122 1678 2205 luxu,

191 2207 382 2274 Serta
426 2209 631 2275 comis
678 2210 1069 2292 mitramque
1114 2211 1293 2275 levat
1335 2209 1764 2294 thyrsumque
1810 2209 2131 2275 virentem

190 2298 428 2363 Armat
473 2302 539 2362 et
583 2297 856 2362 hostiles
900 2298 1131 2364 invisit
1175 2298 1412 2365 fortior
1455 2298 1671 2365 Indos.

357 2385 740 2453 *Scandebat
784 2408 969 2452 roseo
1017 2387 1213 2452 medii
1257 2388 1534 2473 fastigia
1579 2387 1747 2452 caeli

189 2475 379 2541 Luna
425 2476 580 2561 iugo
591 2526 610 2561 ,
655 2476 817 2542 totis
863 2476 977 2541 ubi
1025 2497 1290 2541 somnus
1337 2477 1610 2541 inertior
1656 2477 1775 2541 alis
2127 2492 2235 2543 620

189 2564 441 2630 Defluit
482 2565 554 2629 in
599 2567 808 2630 terras
854 2568 1234 2649 mutumque
1281 2566 1700 2649 amplectitur
1745 2565 1996 2629 orbem:

191 2652 555 2719 Consedere
602 2653 787 2719 chori
830 2655 1225 2739 paulumque
1272 2655 1554 2720 exercita
1598 2654 1795 2737 pulsu

190 2742 367 2807 Aera
411 2746 657 2827 tacent,
701 2746 925 2809 tenero
974 2765 1119 2820 cum
1167 2744 1346 2809 solus
1396 2743 1478 2808 ab
1526 2743 1787 2829 agmine
1834 2742 2127 2810 Achilles

190 2985 325 3025 vare
360 2974 462 3023 ΡΗ
496 2985 761 3026 revocare
798 2972 961 3026 ceteri
983 2970 991 3043 Ι
1013 2970 1352 3057 triethyrida
1369 2977 1410 3025 Ρ
1430 2971 1716 3027 trieterica
1742 2973 1905 3027 ceteri
1929 2972 2227 3028 trieterida

189 3075 330 3114 corr.
353 3058 683 3129 Gronovius,
711 3059 782 3127 cf.
820 3059 982 3114 Theb.
1004 3046 1244 3116 IV7'2‘2
1282 3059 1421 3115 VII
1443 3065 1517 3117 93
1545 3060 1654 3114 IX
1676 3064 1791 3116 480
1818 3060 1955 3117 Silv.
1976 3062 2134 3128 116,
2154 3066 2233 3119 72

190 3135 294 3186 596
335 3131 685 3200 spissumque
718 3136 759 3182 P
791 3131 813 3213 fl
852 3136 956 3185 598
1011 3131 1131 3185 Rex
1161 3135 1202 3184 1³
1245 3133 1269 3201 ΙΙ
1322 3136 1425 3186 599
1477 3131 1736 3187 educitur
1760 3136 1836 3185 tt
1886 3133 1908 3202 fl
1962 3138 2071 3188 600
2110 3134 2235 3189 Nec

188 3201 326 3255 satis
364 3204 480 3257 stat
515 3203 600 3257 est
635 3207 678 3255 Ρ
708 3203 717 3274 Ι
748 3201 865 3257 vite
894 3203 1029 3257 data
1055 3202 1399 3258 Schraderws
1425 3204 1446 3274 ll
1474 3209 1573 3258 601
1605 3202 1835 3259 habitus
1853 3202 2233 3288 Schraderusss

190 3276 293 3327 602
334 3272 444 3330 sibi
479 3273 605 3328 risit
639 3278 681 3325 Ρ
718 3274 948 3329 subrisit
982 3275 1144 3330 ceteri
1177 3275 1199 3344 11
1236 3280 1340 3329 609
1389 3289 1420 3329 e
1455 3274 1622 3330 tereti
1657 3279 1761 3416 PH¹
1798 3290 1867 3329 ex
1900 3275 2071 3330 tereti
2107 3282 2134 3329 t
2170 3279 2232 3331 et

186 3343 357 3398 tereti
411 3349 455 3397 G
469 3362 502 3411 p
588 3345 758 3400 tereti
819 3351 891 3398 l’c
913 3351 957 3398 1>
976 3345 1132 3401 Leid.
1239 3361 1275 3399 a
1326 3345 1497 3401 tereti
1549 3347 1668 3401 edd.
1857 3345 2075 3402 dimisit
2125 3353 2185 3401 1

190 3420 293 3469 618
347 3414 543 3471 invisit
576 3420 697 3469 Pro
715 3417 873 3474 Leid.
904 3416 1143 3472 Gronov.
1183 3416 1395 3471 invasit
1439 3418 1524 3473 vel
1566 3348 1789 3473 invadit
1820 3423 1877 3471 Π
1912 3419 2033 3474 edd.
2068 3424 2191 3475 vett.
2209 3347 2232 3491 Η

188 3491 292 3542 619
322 3485 486 3542 niveo
526 3487 791 3543 Menkius
