2517 3909
933 180 1419 238 ACHILLEIDOS
1456 182 1520 237 L.
1557 183 1601 238 I.
2044 133 2052 141 ·
2101 192 2111 202 '
2236 180 2279 244 9

245 330 343 395 Te
392 329 576 395 sine?
630 327 786 394 Non
830 328 1065 392 merito
1112 327 1405 411 trepidus
1454 348 1649 411 sopor
1696 330 1965 411 atraque
2011 325 2206 391 matri

243 417 458 505 Signa
503 417 692 482 deum
741 421 807 482 et
851 438 1125 503 magnos
1172 417 1423 481 utinam
1470 416 1745 481 mentita
1790 416 2087 481 timores!
2180 430 2285 480 130

240 506 549 592 Namque
597 505 791 571 modo
837 505 1130 572 infensos
1175 509 1363 570 utero
1411 504 1573 570 mihi
1621 508 1893 571 contuor
1937 526 2142 586 enses,

242 595 439 661 Nunc
483 595 757 680 planctu
802 595 1003 659 livere
1050 617 1309 679 manus,
1353 594 1548 660 modo
1593 594 1665 658 in
1708 594 1913 659 ubera
1957 614 2186 658 saevas

249 684 358 749 Ire
403 683 607 768 feras3
656 706 848 768 saepe
893 684 1039 768 ipsa
1086 681 1359 771 (nefasl)
1406 683 1525 748 sub
1571 683 1793 748 inania
1836 685 2064 747 natum

250 773 532 838 Tartara
578 776 645 837 et
692 773 774 837 ad
821 770 1088 858 Stygios
1133 773 1374 837 iterum
1418 773 1559 837 fero
1607 792 1899 857 mergere
1943 769 2175 836 fontes.

245 861 390 926 Hos
439 861 699 927 abolere
745 865 958 927 metus
1004 861 1245 947 magici
1291 861 1474 926 iubet
1519 861 1743 926 ordine
1791 860 1959 925 sacri
2181 873 2285 924 135

249 949 643 1035 Carpathius
691 953 871 1015 vates
917 971 1315 1035 puerumque
1363 950 1481 1015 sub
1529 971 1645 1014 axe
1690 952 1956 1033 peracto

245 1038 529 1104 Secretis
575 1038 857 1104 lustrare
904 1038 1092 1103 fretis
1102 1089 1119 1122 ‚
1165 1038 1276 1104 ubi
1324 1039 1522 1103 litora
1568 1061 1822 1103 summa
1910 1069 1929 1084 ·

245 1128 494 1193 Oceani
542 1131 610 1192 et
656 1128 915 1212 genitor
958 1131 1139 1212 tepet
1182 1127 1630 1194 inlabentibus
1678 1128 1870 1192 astris

238 1216 524 1300 Pontus,
569 1217 682 1282 ubi
728 1216 977 1301 ignotis
1014 1216 1340 1282 horrenda
1385 1217 1648 1300 piacula
1694 1216 1859 1281 divis

243 1304 596 1390 Donaque:
635 1305 746 1370 sed
773 1306 1044 1389 longum
1074 1309 1311 1371 cuncta
1338 1326 1712 1371 enumerare
1749 1308 2088 1389 vetorque3
2182 1319 2286 1369 140

244 1395 465 1459 Trade
493 1394 704 1480 magis
721 1392 760 1459 1'
808 1392 915 1459 Sic
942 1395 1097 1460 ficta
1113 1416 1376 1479 parens:
1404 1416 1612 1479 neque
1642 1394 1815 1459 enim
1841 1393 1955 1458 ille
1984 1392 2288 1477 dedisset,

243 1482 318 1549 Si
366 1484 602 1548 molles
648 1483 915 1548 habitus
961 1487 1029 1547 et
1072 1483 1365 1569 tegmina
1407 1482 1599 1548 foeda
1641 1482 1837 1548 fateri

239 1573 433 1637 Ausa
478 1572 636 1637 seni.
727 1571 909 1636 Tunc
955 1572 1096 1656 ipse
1142 1573 1376 1638 refert:
1425 1570 1609 1656 ‘Duc,
1656 1572 1921 1656 optima,
1967 1592 2228 1656 quaes0‚

238 1661 391 1727 Duc
437 1661 735 1746 genetrix
778 1661 1139 1746 humilique
1187 1661 1341 1726 deos
1388 1660 1673 1746 infringe
1719 1664 2005 1744 precatu.

238 1749 420 1816 Nam
441 1753 751 1835 superant
770 1754 886 1815 tua
904 1754 1059 1815 vota
1085 1750 1351 1815 modum
1374 1750 1823 1836 placandaque
1853 1748 2131 1813 multum
2181 1762 2283 1812 145

239 1838 504 1904 Invidia
552 1842 668 1904 est.
757 1838 913 1905 Non
960 1838 1128 1904 addo
1176 1844 1444 1924 metum,
1492 1839 1605 1904 sed
1652 1860 1805 1903 vera
1848 1838 2134 1902 fatebor:

240 1925 481 1993 Nescio
530 1927 683 2013 quid
730 1948 1041 2012 magnum
1088 1925 1235 2013 (nec
1281 1950 1385 1993 me
1431 1928 1648 2012 patria
1694 1928 1915 1993 omina
1959 1922 2226 2011 fallunt)

388 2173 440 2210 v.
483 2160 585 2210 131
625 2154 1022 2211 Priscianus
1059 2155 1194 2211 VIII
1222 2161 1290 2211 95
1319 2175 1376 2227 p.
1404 2161 1512 2210 444
1538 2156 1638 2210 H.:
1680 2154 1920 2211 ‘Statius
1955 2154 2018 2209 in
2044 2155 2072 2209 I
2097 2153 2289 2208 Achil-

240 2225 456 2281 leidost
520 2225 780 2297 Namque
835 2228 1004 2281 modo
1058 2227 1306 2281 infensos
1361 2228 1523 2282 utero
1578 2227 1720 2282 mihi
1785 2230 2019 2282 contuor
2083 2225 2284 2281 enses?

237 2298 530 2367 Eutych.
569 2299 672 2352 art.
714 2298 739 2352 I
779 2304 808 2352 1
846 2316 902 2367 p.
931 2303 1056 2367 465,
1095 2304 1126 2351 2
1164 2298 1257 2353 K.=
1303 2298 1483 2353 ‘Idem
1520 2298 1694 2353 etiam
1732 2298 1884 2352 aliud
1924 2298 1996 2351 ab
2036 2313 2101 2352 eo
2139 2313 2290 2351 como

238 2369 491 2439 positum
526 2368 589 2422 in
623 2368 759 2422 VIII
795 2369 921 2439 (VII
959 2370 1074 2424 cod.
1106 2369 1320 2438 Paris.)
1355 2369 1503 2424 libro
1533 2368 1857 2424 Thebaidos
1895 2368 2116 2437 extulit,
2154 2384 2285 2423 con-

238 2443 390 2507 tuor,
426 2441 515 2494 ut:
554 2456 796 2508 namque
833 2440 1003 2495 modo
1044 2438 1292 2495 infensos
1330 2443 1491 2495 utero
1527 2439 1671 2495 mihi
1708 2443 1945 2496 contuor
1982 2437 2182 2494 enses?

517 2588 667 2595 ans-—

391 2674 492 2723 129
540 2669 673 2724 Non
717 2668 922 2725 merito
959 2675 1086 2723 ΡΡο
1122 2689 1259 2725 num
1295 2671 1498 2726 merito
1538 2688 1572 2737 p
1627 2686 1760 2724 nam
1805 2671 2008 2727 merito
2047 2676 2092 2724 fl
2137 2687 2286 2726 nunc

238 2738 448 2794 merito
495 2746 523 2793 t
574 2744 656 2795 nfi
689 2742 918 2796 imerito
967 2740 1039 2794 θ’
1099 2758 1213 2797 non
1260 2741 1527 2797 inmerito
1565 2746 1616 2794 Η
1664 2743 1684 2812 11
1725 2748 1828 2797 130
1873 2743 1932 2798 et
1974 2760 2209 2813 magnos
2243 2747 2290 2795 A

238 2816 298 2864 Π
332 2810 575 2881 Magnos
611 2813 729 2867 edd.
771 2814 831 2867 et
865 2830 1075 2883 magno
1111 2821 1138 2866 t
1169 2815 1178 2883 1
1210 2814 1430 2869 dolores
1464 2831 1498 2880 p
1536 2815 1556 2884 11
1595 2820 1696 2868 131
1736 2813 1997 2883 Namque
2035 2814 2203 2870 modo
2240 2818 2287 2866 A

238 2887 298 2935 Π
346 2881 685 2937 Prisciamcs
731 2883 971 2954 Eutyeh.
1063 2885 1325 2955 Namque
1373 2885 1516 2940 mihi
1562 2886 1680 2941 edd.
1723 2888 1733 2954 1
1772 2884 2023 2941 infensos
2079 2885 2149 2938 <³²
2166 2891 2236 2938 Ρο
2253 2903 2287 2952 p

244 2953 586 3008 Priscianus
622 2954 864 3026 Eumol».
904 2959 949 3007 fl
982 2955 1222 3011 infessos
1256 2957 1567 3012 P‘infestos
1604 2957 1722 3012 cdd.
1757 2959 1766 3027 1
1797 2960 1957 3012 utero
1992 2956 2135 3010 mihi
2160 2960 2207 3008 A
2232 2961 2289 3009 Π

245 3022 536 3080 Priscian.
574 3024 818 3096 Eumol».
858 3028 1020 3081 utero
1057 3028 1226 3082 modo
1262 3029 1382 3083 edd.
1412 3029 1433 3098 11
1462 3035 1565 3083 132
1601 3028 1778 3084 libere
1813 3034 1854 3081 P
1879 3029 1901 3099 11
1929 3033 2034 3083 184
2071 3029 2131 3082 et
2162 3026 2290 3096 Sty-

242 3094 371 3165 gios
408 3101 449 3148 P
498 3095 705 3181 Venett.
735 3097 756 3166 11
782 3097 898 3152 fere
933 3098 1167 3169 iungere
1194 3105 1222 3152 t
1246 3099 1269 3169 11
1299 3103 1400 3153 135
1428 3100 1624 3170 magni
1652 3105 1693 3152 P
1718 3101 1909 3171 magei
1935 3107 1961 3152 t
1991 3102 2000 3167 1
2030 3097 2192 3160 iuuet
2212 3097 2294 3170 Ρ11

241 3190 349 3240 136
389 3183 730 3256 Carphthius
757 3190 798 3237 P
829 3186 839 3253 1
869 3189 1099 3256 peracto
1140 3192 1183 3239 P
1218 3187 1461 3257 probato
1499 3188 1661 3243 ceteri
1686 3188 1707 3257 11
1737 3193 1834 3242 137
1865 3188 2104 3242 lustrare
2130 3185 2290 3242 vadis

240 3260 288 3309 fl
318 3257 328 3325 1
360 3256 531 3313 litora
567 3273 701 3312 seva
735 3259 806 3327 tn
849 3263 949 3312 139
987 3257 1068 3313 ibi
1104 3263 1145 3310 P
1182 3259 1202 3328 11
1242 3263 1343 3312 141
1385 3256 1609 3313 Grande
1646 3258 1828 3328 magis
1863 3265 1889 3310 t
1927 3256 2075 3313 Cede
2106 3258 2289 3329 magis

240 3332 288 3381 fl
318 3330 328 3396 1
360 3327 494 3385 ficta
528 3334 569 3381 P
605 3328 729 3383 fata
764 3330 926 3384 ceteri
961 3329 983 3399 fl
1031 3335 1133 3383 142
1182 3327 1420 3384 crimina
1453 3328 1625 3385 foeda
1661 3333 1706 3381 fl
1749 3327 2006 3398 tegmina
2051 3344 2184 3384 vera
2219 3336 2245 3381 t
2273 3328 2290 3399 11

243 3405 348 3525 ί11143
387 3400 540 3456 Ausa
573 3399 721 3455 foret
758 3416 792 3466 ι)
846 3400 978 3455 Am.
1029 3404 1039 3470 1
1086 3399 1215 3470 ipse
1252 3405 1294 3452 P
1329 3400 1430 3455 ille
1470 3401 1632 3456 ceteri
1675 3401 1695 3468 11
1752 3404 1855 3454 145
1901 3398 2290 3469 placandaque

288 3469 442 3525 ‘vum
477 3476 518 3523 1.
