2517 3909
331 118 455 181 272
784 168 790 174 .
947 132 1068 181 σι’.
1114 97 1382 181 §Arma
1423 132 1658 181 sum

331 289 614 350 Asservat
653 302 881 356 manen
931 287 1189 369 dirisque
1229 287 1547 368 vaporibus
1590 306 1828 366 aegrum

329 374 489 434 Aera
531 373 809 452 pulverea
854 373 1083 451 penitus
1126 373 1236 433 sub
1282 374 1511 434 casside
1552 374 1770 434 ducens
1853 385 1862 395 ·

331 458 608 536 Ingemit,
661 467 719 518 et
763 459 942 517 iustas
983 456 1127 518 belli
1165 457 1483 519 flammatur
1521 460 1581 517 in
1620 459 1756 518 iras.

456 542 620 623 Hunc
663 542 870 605 saltem
908 542 1138 603 miseris
1181 543 1390 603 ductor
1424 541 1745 604 Thebanus
1776 542 2058 603 honorem
2232 551 2332 607 715

329 627 596 706 Largitur
635 626 881 703 Danais,
931 627 1086 707 quod
1127 644 1246 688 non
1286 644 1467 706 super
1506 629 1634 706 ipsa
1676 628 1977 687 iacentum

335 711 603 792 Corpora
645 711 965 789 belligeras
1006 713 1167 772 acies
1208 710 1569 792 Martemque
1608 711 1939 772 secundnm·

332 796 594 864 Miscuitz
642 806 702 858 at
741 796 939 858 lacera
979 814 1055 856 ne
1098 797 1236 876 quid
1280 796 1355 857 de
1398 805 1594 873 strage
1636 796 1921 858 nefandus

330 882 644 959 Perderet,
689 881 924 959 eligitur
962 897 1176 941 saevos
1211 889 1420 960 potura
1462 897 1704 941 cruores
1864 935 1869 942 .

331 966 513 1028 Terra
555 967 732 1027 rudis.
818 963 1054 1045 lamque
1096 966 1351 1026 alternas
1392 966 1452 1024 in
1488 964 1716 1044 proelia
1756 972 1965 1042 gentes
2228 972 2326 1028 ⁷20

330 1051 640 1112 Dissimilis
677 1050 921 1112 Bellona
962 1052 1108 1120 ciet;
1151 1067 1272 1110 non
1313 1049 1535 1110 clamor
1575 1050 1878 1128 utrimque,
2446 1048 2453 1057 “

330 1135 465 1196 Non
500 1137 782 1215 utrimque
824 1136 1035 1205 tubae;
1079 1145 1196 1196 stat
1236 1133 1467 1211 debilis
1491 1135 1676 1195 altel-
1717 1134 1905 1213 pubes

332 1220 666 1282 Submissos
711 1237 887 1281 enses
928 1223 1313 1299 nequicquam
1350 1227 1694 1298 amentaque
1734 1219 1957 1279 dextris

329 1305 487 1366 Laxa
528 1314 768 1374 tenens;
815 1305 1026 1365 cedunt
1065 1305 1282 1365 tellure
1318 1304 1607 1382 armisque
1646 1301 1925 1363 reductis·

331 1388 631 1451 Ostentant
675 1398 912 1450 veteres
953 1391 1258 1450 etiamnum
1300 1390 1358 1448 in
1397 1389 1681 1466 sanguine
1720 1387 1946 1470 plagas.
2226 1394 2325 1450 725

326 1474 447 1535 Iam
489 1492 601 1535 nec
635 1471 946 1552 ,Cecropiis
988 1473 1140 1534 idem
1183 1472 1518 1534 ductoribus
1558 1472 1752 1548 ardor,
2432 1470 2441 1475 ’

326 1558 847 1637 Languescuntque
887 1559 1075 1619 minae
1117 1567 1177 1618 et
1217 1559 1399 1619 virtus
1443 1575 1654 1618 seeura
1687 1557 1912 1632 residit,

325 1642 645 1703 Ventorum
683 1642 847 1703 velut
891 1645 976 1703 ira
1017 1643 1233 1718 minor,
1280 1642 1386 1702 nisi
1429 1642 1579 1703 silva
1618 1642 1880 1702 furentes

326 1726 587 1807 Inpedit,
613 1729 930 1807 insanique
974 1737 1169 1788 tacent
1209 1728 1336 1787 sine
1377 1727 1552 1787 litore
1596 1725 1824 1786 flucws.

454 1811 531 1871 Ut
569 1829 713 1872 vero
753 1830 1082 1890 aequoreus
1124 1826 1402 1891 quercum
1439 1809 1835 1872 Marathonida
1875 1808 2145 1870 Theseus
2216 1816 2321 1872 730

326 1896 579 1974 Extulit,
625 1906 859 1958 erectae
905 1899 1067 1958 cuius
1113 1897 1368 1958 crudelis
1409 1897 1467 1956 in
1504 1895 1710 1956 hostes
2354 1885 2362 1894 ⁸
2460 1930 2468 2019 ¹

326 1981 541 2042 Umbra
584 1982 769 2057 cadit,
815 2000 1191 2062 campumque
1225 1991 1448 2042 trucem
1481 1981 1582 2041 lux
1625 1979 1880 2058 cuspidis
1920 1979 2128 2058 inplet,

329 2064 453 2127 Ceu
497 2076 665 2145 pater
704 2066 943 2127 Edonos
983 2066 1184 2127 Haemi
1207 2066 1303 2127 ‘de
1343 2067 1567 2126 vertice
1611 2063 1846 2126 Mavors
2304 2104 2314 2111 ,
2458 2106 2468 2187 ³

326 2151 605 2230 Inpulerit
649 2169 849 2210 currus
890 2151 1091 2231 rapido
1135 2161 1497 2229 mortemque
1532 2149 1845 2228 fugamque

325 2237 459 2296 Axe
498 2235 755 2312 vehens,
802 2237 888 2297 sic
927 2237 1203 2296 exanimis
1247 2237 1305 2295 in
1344 2244 1512 2313 terga
1553 2235 1780 2295 reducit
2214 2239 2316 2295 735

326 2320 522 2381 Pallor
561 2320 956 2398 Agenor-idam
1001 2321 1200 2382 taedet
1240 2319 1590 2397 fugientibus
1629 2319 1711 2380 uti

281 2485 283 2487 ‚
329 2404 593 2482 Thesea,
638 2423 750 2465 nec
788 2405 1020 2473 facilem
1063 2406 1329 2484 dignatur
1367 2405 1573 2465 dextra
1612 2418 1897 2464 cruorem.
1940 2416 1955 2427 ·

330 2489 546 2550 Cetera
586 2489 827 2568 plebeio
871 2491 1133 2551 desaevit
1172 2490 1449 2567 sanguine
1485 2492 1687 2550 virtus.

327 2577 426 2634 Sic
466 2575 622 2635 iuvat
667 2576 941 2635 exanimis
985 2576 1367 2655 proiectaque
1401 2574 1618 2651 praeda
1660 2588 1954 2650 canesque

324 2658 789 2739 Degener-esque
833 2659 1036 2738 lupos,
1077 2676 1322 2736 magnos
1363 2658 1471 2719 alit
1505 2659 1590 2719 ira
1632 2659 1859 2719 leones.
2215 2661 2318 2722 740

323 2744 593 2804 Attamen
634 2741 898 2804 Olenium
940 2744 1411 2822 Thamirumque,
1453 2742 1603 2803 hunc
1645 2741 1765 2802 tela
1808 2739 2093 2819 pharetra

324 2828 723 2905 Promentem,
768 2829 919 2888 hunc
965 2830 1125 2888 saevi
1165 2828 1468 2889 tollentem
1508 2828 1769 2909 pondera
1816 2825 1942 2884 saxi

324 2912 551 2989 Deicit,
601 2923 660 2972 et
703 2913 918 2991 triplici
964 2913 1219 2974 confisos
1259 2912 1475 2972 robore
1518 2913 1710 2990 gentis
1934 2938 1939 2943 -

324 2997 605 3058 Alceidas
641 2997 885 3073 fratres,
926 2997 1166 3059 totidem
1211 3014 1360 3076 quos
1401 2997 1619 3057 eminus
1660 2996 1838 3056 hastis

326 3080 662 3152 Continuat;
709 3082 925 3141 ferrum
966 3083 1323 3161 consumpsit
1364 3090 1609 3161 pectore
1655 3079 1910 3156 Phileas,
2214 3085 2319 3141 745

324 3165 442 3227 Ore
484 3167 790 3227 momordit
826 3166 1085 3245 Helops,
1137 3167 1377 3227 humero
1418 3165 1728 3227 transmisit
1768 3163 1951 3244 Iapix.

316 3250 554 3329 Iamque
600 3262 659 3311 et
702 3252 1043 3330 quadriiugo
1088 3252 1310 3312 celsum
1346 3251 1492 3331 petit
1526 3250 1819 3311 Haemona
1862 3258 2059 3327 curru,

316 3333 797 3413 Horrendumque
832 3353 997 3395 manu
1036 3334 1213 3395 telum
1254 3344 1435 3405 rotat;
1481 3335 1584 3396 ille
1630 3343 1912 3414 paventes

322 3415 652 3497 obliquavit
694 3437 909 3497 equos;
954 3419 1132 3497 longo
1178 3419 1404 3498 perlata
1442 3429 1649 3483 tenore
