2517 3909
358 89 482 155 248
957 164 964 170 ‚
1035 106 1100 155 P.
1141 103 1409 154 mmm
1446 101 1684 153 snm
1700 107 1723 145 .’

357 261 570 338 Arma,
612 260 755 338 viri,
800 279 1036 339 currus,
1085 261 1320 341 altaque
1363 263 1422 322 in
1456 269 1657 339 strage
1698 256 1916 320 seniles

359 345 653 407 Deficiunt
688 364 964 424 gressus,
1010 355 1070 406 et
1111 346 1229 408 dux
1267 345 1591 407 miseranda
1628 344 1874 406 laborat.

363 430 440 491 Ut
478 432 738 511 quaesita
774 431 869 491 diu
900 433 1242 492 monstravit
1281 448 1532 510 corpora
1574 431 1795 491 clamor

302 559 309 564 -
361 515 651 593 Virginis,
695 516 960 576 insternit
993 525 1152 578 totos
1192 515 1538 593 frigentibus
1579 524 1758 575 artus.
2253 515 2340 569 60⁰

361 598 493 661 Nec
529 617 649 660 vox
684 598 805 660 ulla
847 604 1007 671 seni;
1050 603 1206 661 iacet
1238 601 1595 679 inmugitque
1633 598 1889 659 cruentis

363 682 749 761 Vulneribus,
792 703 905 745 nec
941 685 1126 746 verba
1165 684 1261 745 diu
1304 694 1582 764 temptata
1616 692 1953 762 sequuntur.

363 768 515 829 Dum
550 778 761 830 tractat
802 768 1007 848 galeas
1044 780 1218 850 atque
1258 787 1363 831 ora
1404 770 1639 831 latentia
1674 767 1923 848 quaerit,

367 852 622 915 Tandem
657 862 811 915 muta
846 854 1046 915 furens
1089 856 1325 933 genitor
1359 855 1608 935 suspiria
1647 853 1854 914 solvit:

495 938 719 999 ‘Tarda
747 955 967 1016 meam,
1012 941 1233 1019 pietas,
1279 940 1462 1017 longo
1491 948 1627 1019 post
1657 948 1924 1017 tempore
1954 942 2205 995 mentem
2254 938 2339 994 605

364 1020 672 1083 Percutis?
717 1032 883 1084 estne
924 1023 1030 1085 sub
1068 1024 1206 1085 hoc.
1226 1024 1473 1085 bominis
1511 1023 1817 1085 clementia
1858 1015 2086 1081 corde?

361 1105 566 1167 Vincis
597 1125 692 1167 me
727 1110 1028 1187 miserum,
1071 1110 1288 1187 vincis,
1333 1119 1566 1185 natura,
1612 1116 1932 1188 parentem.

365 1188 458 1251 En
494 1191 688 1253 habeo
727 1194 1007 1270 gemitus,
1053 1194 1444 1274 lacrimaeque
1482 1210 1593 1271 per
1627 1192 1785 1253 arida
1818 1198 2063 1269 serpunt
2172 1256 2187 1269 ·

367 1275 661 1354 Vulnera,
713 1287 773 1337 et
816 1278 874 1338 in
912 1278 1124 1338 molles
1165 1281 1428 1358 sequitur
1464 1296 1664 1338 manns
1703 1275 1859 1356 inpia
1900 1275 2192 1355 planctus.

368 1360 639 1440 Accipite
683 1360 952 1423 infandae
993 1364 1143 1423 iusta
1189 1362 1520 1443 exequialia
1556 1362 1778 1437 mortis,
2255 1365 2340 1420 61⁰

370 1443 657 1505 Crudeles
696 1446 1042 1526 nimiumque
1085 1450 1230 1522 mei;
1275 1466 1387 1509 nec
1429 1464 1680 1508 noscere
1717 1453 1885 1506 natos

368 1528 821 1608 Alloquiumque
867 1540 1069 1611 aptare
1108 1532 1269 1593 licet.
1353 1531 1501 1609 Dic,
1544 1534 1746 1609 virgo,
1789 1529 2074 1610 precanti,

370 1612 558 1687 Quem
599 1611 818 1675 teneo?
863 1633 977 1694 quo
1016 1635 1167 1678 nunc
1200 1625 1430 1677 vestras
1467 1634 1583 1694 ego
1621 1634 1833 1676 saevus
1866 1614 2094 1674 honore

367 1697 699 1779 Prosequar
731 1698 1013 1761 inferias?
1058 1719 1096 1761 o
1132 1702 1181 1761 si
1216 1701 1493 1763 fodienda
1526 1700 1784 1762 redirent

367 1780 602 1843 Lumina
646 1792 706 1845 et
753 1786 813 1844 in
851 1786 1044 1847 vultus
1081 1788 1312 1847 saevire
1357 1805 1434 1846 ex
1465 1803 1628 1847 more
1664 1784 1955 1864 potestas!
2257 1788 2340 1845 615

366 1865 497 1927 Heu
536 1867 739 1946 dolor,
779 1868 894 1930 heu
929 1872 1083 1932 iusto
1126 1872 1310 1949 magis
1354 1871 1621 1932 exaudita
1657 1871 1918 1948 parentis

368 1950 522 2012 Vota
560 1953 867 2035 malaeque
906 1956 1151 2035 preces!
1198 1957 1456 2034 quisnam
1494 1955 1601 2016 fuit
1641 1955 1743 2015 ille
1781 1955 2045 2028 deorum,

372 2035 485 2110 Qui
530 2039 688 2098 stetit
728 2047 989 2122 orantem
1029 2041 1185 2101 iuxta
1227 2049 1663 2119 praereptaque
1697 2038 1878 2099 verba

368 2120 624 2182 Dictavit
663 2121 838 2184 fatis?
881 2124 1044 2186 furor
1077 2125 1177 2185 illa
1213 2133 1274 2186 et
1307 2126 1486 2185 movit
1519 2123 1731 2200 Erinys

369 2203 447 2265 Et
484 2215 653 2286 pater
688 2217 747 2267 et
780 2210 1053 2286 genetrix
1093 2218 1153 2269 et
1190 2228 1373 2287 regna
1413 2209 1685 2288 oculique
1731 2207 2039 2278 cadentes;
2254 2213 2338 2267 620

369 2287 467 2350 Nil
505 2308 651 2369 ego;
698 2311 807 2372 per
840 2293 1032 2354 Ditem
1068 2295 1195 2353 iuro
1231 2294 1557 2373 dulcesque
1595 2292 1869 2354 tenebras

367 2372 812 2456 Inmeritamque
849 2377 1086 2455 ducem,
1131 2379 1371 2439 subeam
1411 2379 1498 2438 sic
1534 2385 1748 2439 tartara
1789 2377 1961 2455 digna

369 2455 596 2536 Morte,
642 2479 755 2521 nec
799 2462 944 2524 irata
980 2462 1161 2541 fugiat
1198 2481 1291 2523 me
1325 2462 1496 2523 Laius
1535 2462 1755 2523 umbra.

367 2541 480 2603 Hei
517 2544 685 2622 mihi,
740 2564 889 2626 quos
924 2565 1126 2607 nexus>
1148 2547 1418 2623 fratrum,
1467 2564 1617 2626 quae
1655 2545 1899 2606 vulnera
1938 2545 2159 2606 tracto!

372 2626 599 2689 Solvite
637 2648 859 2709 quaeso
897 2650 1097 2692 manus
1141 2633 1469 2711 infestaque
1511 2632 1742 2692 vincula
1782 2630 2013 2691 tandem
2257 2635 2337 2691 625

371 2711 660 2790 Dividite,
708 2725 768 2776 et
802 2716 1052 2777 medium
1087 2734 1237 2777 nunc
1276 2717 1482 2777 saltem
1524 2716 1800 2776 admittite
1844 2718 2117 2794 patrem?

497 2796 661 2860 Talia
698 2799 1014 2879 dequestus
1052 2802 1325 2881 paulatim
1366 2810 1695 2880 sumpserat
1723 2801 1842 2860 iras

372 2880 578 2944 Mortis
623 2894 682 2945 et
723 2886 956 2946 occulte
994 2887 1203 2963 telum,
1247 2887 1305 2946 ni
1346 2894 1480 2946 nata
1519 2892 1770 2961 vetaret,

377 2966 745 3048 Quaerebat,
795 2970 901 3030 sed
942 2980 1101 3031 casta
1133 2988 1302 3031 mann
1344 2969 1713 3030 subtraxerat
1755 2986 1928 3028 enses

377 3052 700 3130 Antigone;
740 3054 878 3115 furit
917 3054 1050 3115 inde
1096 3074 1312 3116 senex:
1356 3054 1502 3114 ‘Ubi
1546 3055 1721 3114 noxia
1757 3048 1916 3113 tela?
2257 3053 2340 3112 63⁰

373 3133 503 3196 Heu
537 3136 757 3215 furiae,
798 3156 931 3199 num
968 3148 1147 3199 totum
1184 3139 1324 3200 abiit
1359 3140 1414 3199 in
1453 3155 1706 3217 corpora
1748 3133 2044 3197 ferrum?’

375 3218 681 3280 Dicentem
723 3238 919 3282 comes
965 3241 1144 3300 aegra
1181 3223 1338 3284 levat
1371 3232 1702 3302 mutumque
1739 3222 2006 3283 dolorem

376 3300 513 3380 Ipsa
547 3305 787 3381 premit,
831 3324 1067 3366 saevum
1109 3308 1371 3385 gaudens
1406 3308 1705 3387 planxisse
1747 3314 2071 3385 parentem.

507 3384 656 3446 Olim
697 3398 887 3450 autem
922 3393 1193 3472 inceptae
1231 3392 1488 3453 clamore
1526 3394 1804 3453 exterrita
1840 3407 2072 3470 pugnae
