2517 3909
869 137 1271 190 THERAIDOS
1319 138 1458 188 ΜΒ.
1504 138 1570 185 V.
2107 129 2221 188 111

225 295 499 357 Pensavit
538 294 807 360 lacrimas
851 294 1206 375 inopinaque
1239 294 1453 371 gaudia
1480 304 1744 357 moestae

223 379 470 441 Rettulit
511 377 917 459 Hypsipylae?
1001 379 1088 441 Tu
1129 380 1323 456 gentis
1361 379 1659 456 conditor,
1697 378 1882 456 Evan,

226 465 343 539 Qui
385 465 652 543 geminos
696 466 938 527 iuvenes
977 464 1178 528 Lemni
1218 464 1295 525 de
1341 464 1514 525 litore
1558 474 1767 526 vectos

223 548 513 610 Intuleras
549 548 809 614 Nemeae
845 550 1219 629 mirandaque
1261 548 1381 632 fata
1422 548 1694 627 parabas.

355 632 547 695 Causa
582 635 714 696 viae
755 636 1059 712 genetrix,
1109 652 1223 696 nec
1262 633 1556 712 inhospita
1598 642 1755 694 tecta
1788 632 2039 711 Lycurgi
2098 641 2227 698 715

221 717 621 781 Praebuerant
661 720 886 796 adime,
929 729 987 780 et
1032 719 1294 798 protinus
1334 718 1441 782 ille
1483 727 1726 795 tyranno

221 802 504 878 Nuntius,
550 805 841 865 extinctae
885 803 1214 864 miserando
1258 803 1503 863 vulnere
1548 802 1752 881 prolia.

220 888 388 965 Ergo
432 887 636 949 adsunt
674 890 915 949 comites
957 922 1041 933 -—
1084 906 1191 967 pro
1230 888 1358 947 fors
1405 895 1462 947 et
1505 905 1685 948 caeca
1726 887 1901 948 futuri

221 972 392 1033 Mens
430 972 747 1034 hominum!
794 1007 877 1017 —
917 974 1165 1052 regique
1208 972 1433 1039 favent:
1490 972 1596 1032 sed
1637 971 1889 1033 Lemnos
1932 970 2005 1032 ad
2054 988 2225 1032 aures

222 1056 303 1117 Ut
339 1059 579 1136 primum
621 1057 929 1137 dictusque
969 1056 1198 1133 Thoas,
1245 1074 1354 1135 per
1397 1056 1516 1117 tela
1558 1074 1877 1135 manusque
2126 1063 2230 1119 720

221 1140 558 1218 Inruerant,
603 1151 965 1221 matremque
1007 1142 1189 1202 avidis
1236 1140 1642 1219 complexibus
1687 1141 1855 1201 ambo

226 1225 518 1304 Diripiunt
558 1227 767 1288 flentes
808 1226 1147 1305 alternaque
1192 1234 1439 1305 pectora
1482 1234 1714 1286 mutant.

356 1310 465 1372 Illa
506 1310 669 1372 velut
711 1329 891 1390 rupes
928 1312 1144 1372 inmoto
1191 1328 1374 1371 saxea
1415 1310 1547 1370 visu

223 1395 446 1456 Haeret
490 1406 548 1457 et
591 1398 853 1475 expertis
896 1414 1012 1456 non
1049 1396 1221 1456 audet
1266 1394 1512 1455 credere
1554 1394 1722 1455 divis.

223 1480 303 1541 Ut
346 1499 493 1542 vero
536 1490 597 1541 et
636 1481 829 1541 vultus
874 1491 933 1542 et
976 1483 1142 1559 signa
1177 1479 1382 1558 Argoa
1419 1478 1642 1540 relictis
2127 1486 2228 1542 725

221 1565 482 1626 Ensibus
525 1576 699 1645 atque
743 1565 997 1626 humeris
1045 1564 1342 1625 amborum
1377 1565 1627 1624 intextus
1665 1562 1860 1639 Iason,

227 1648 553 1712 Cesserunt
597 1651 817 1723 luctus,
865 1649 1213 1727 turbataque
1255 1666 1494 1708 munere
1535 1657 1691 1708 tanto

226 1733 494 1812 Corruit,
532 1744 707 1814 atque
746 1735 862 1795 alio
905 1735 1243 1795 maduerunt
1281 1732 1490 1791 lumina
1530 1730 1689 1791 fletu.
1738 1734 1745 1742 ’

225 1818 441 1879 Addita
480 1820 643 1897 signa
691 1819 863 1898 polo,
910 1820 1185 1897 laetoque
1231 1816 1486 1877 ululante
1529 1815 1767 1875 tumultu

226 1903 540 1982 Tergaque
586 1913 645 1965 et
690 1922 828 1964 aera
872 1902 967 1964 dei
1013 1911 1200 1963 motas
1243 1918 1530 1980 crepuere
1576 1917 1686 1979 per
1731 1912 1918 1958 auras.
2123 1906 2231 1962 730

357 1987 518 2049 Tunc
562 1989 691 2067 pius
738 1986 1051 2064 OeclideS,
1096 1995 1157 2046 ut
1198 1987 1383 2065 prima
1427 1984 1655 2045 silentia
1695 1982 1852 2059 vulgi

223 2071 466 2133 Mollior
504 2073 589 2133 ira
631 2071 787 2133 dedit
829 2072 1207 2151 placidasque
1250 2070 1505 2130 accessit
1548 2068 1621 2129 ad
1665 2085 1867 2128 aures:

228 2157 519 2233 ‘Audite,
566 2174 602 2217 o
645 2157 850 2217 ductor
891 2156 1150 2217 Nemeae
1195 2154 1456 2233 lectique
1501 2161 1774 2233 potentes

226 2242 578 2318 Inachidae,
625 2260 775 2321 quae
815 2251 1010 2302 certus
1054 2242 1149 2318 agi
1192 2240 1524 2300 manifestat
1568 2236 1810 2317 Apollo.

226 2328 350 2389 Iste
395 2325 627 2406 quidem
668 2325 965 2404 Argolicis
1009 2325 1162 2385 haud
1206 2325 1344 2385 olim
1391 2322 1681 2384 indebitus
1725 2322 1900 2382 armis
2127 2328 2230 2385 735

225 2411 444 2473 Luctus
489 2412 687 2473 adest:
728 2421 892 2472 recto
941 2410 1303 2471 descendunt
1344 2409 1522 2469 limite
1571 2407 1813 2468 Parcae.

224 2496 306 2557 Et
348 2496 474 2556 sitis
523 2496 751 2556 interitu
793 2495 1096 2556 fluviorum
1140 2503 1197 2554 et
1231 2494 1428 2554 letifer
1468 2493 1696 2569 anguis,

227 2581 307 2642 Et
346 2598 528 2659 puer,
565 2579 680 2641 heu
722 2581 906 2642 nostri
944 2581 1203 2657 signatus
1244 2580 1475 2637 nomine
1518 2577 1640 2651 fati,

227 2664 664 2741 Archemorus,
717 2675 923 2726 cuncta
963 2663 1112 2724 haec
1152 2680 1426 2741 superum
1468 2660 1720 2722 demissa
1762 2677 2033 2740 suprema

131 2742 143 2754 ⁹
230 2749 430 2810 Mente
474 2749 684 2825 fluunt,
723 2749 952 2810 differte
997 2749 1219 2807 animos
1262 2747 1591 2825 festinaque
1636 2744 1754 2806 tela
2128 2755 2234 2812 740

229 2835 468 2896 Ponite:
509 2836 791 2895 mansuris
833 2831 1131 2897 donandus
1169 2831 1487 2892 honoribus
1524 2830 1730 2891 infans,

232 2918 312 2979 Et
352 2921 589 2988 meruit;
635 2920 733 2980 det
771 2918 1011 2998 pulchra
1048 2919 1168 2978 suis
1195 2916 1476 2977 libamina
1517 2915 1698 2975 virtus

230 3003 529 3081 Manibus,
575 3013 749 3083 atque
787 3004 998 3064 utinam
1037 3002 1236 3081 plures
1280 3003 1579 3060 innectere
1629 3016 1863 3078 pergas,

232 3087 511 3165 Phoebe,
548 3106 774 3165 moraS,
815 3105 1165 3166 semperque
1215 3087 1384 3146 novis
1430 3084 1656 3145 bellare
1704 3091 1969 3144 vetemur

236 3172 518 3250 Casibus,
566 3182 625 3235 et
670 3191 906 3253 semper
945 3171 1147 3233 Thebe
1182 3170 1414 3232 funesta
1458 3168 1714 3230 recedat.
2130 3177 2234 3233 745

235 3258 316 3319 At
361 3275 470 3318 vos
509 3275 846 3335 magnorum
889 3257 1242 3334 transgressi
1284 3256 1398 3315 fata
1446 3263 1747 3333 parentum

235 3341 505 3418 Felices,
553 3343 787 3420 longum
824 3342 1032 3422 quibus
1072 3341 1205 3402 hinc
1248 3359 1356 3420 per
1400 3338 1634 3400 saecula
1679 3352 1909 3412 nomen,
