2517 3909
349 107 474 172 260
1010 123 1073 170 P.
1124 123 1389 171 mrum
1431 122 1662 172 s‘rA'rn

471 277 662 340 ‘Urbs
703 284 902 358 optata
944 280 1136 358 prius,
1182 294 1334 339 nunc
1375 287 1532 338 tecta
1568 276 1802 338 hostilia
1843 276 2104 354 Thebae,

348 363 425 425 Et
465 373 658 424 tamen
690 363 940 424 inlaesas
985 366 1034 424 si
1069 363 1266 424 reddis
1308 364 1568 440 coniugis
1608 361 1861 437 umbras,

349 450 451 511 Sic
492 465 727 528 quoque
770 447 939 510 dulce
979 449 1203 525 solum,
1246 449 1468 522 cernis,
1514 464 1632 527 quo
1676 447 1936 526 praedita
1978 448 2159 524 cultu,

350 533 478 608 Qua
521 535 729 612 stipata
761 551 928 593 manu
962 534 1119 594 iuxta
1158 542 1255 593 tua
1299 534 1528 593 moenia
1564 534 1805 611 primum

349 617 668 697 Oedipodis
709 619 900 696 magni
939 620 1111 680 venio
1149 615 1365 678 nurus?
1408 616 1651 696 inproba
1691 633 1805 676 non
1847 624 1977 676 sunt
2246 627 2360 681 260

345 702 529 763 Vota:
570 720 753 780 rogos
789 702 1008 782 hospes
1050 703 1458 783 planctumque
1498 711 1556 762 et
1596 701 1802 762 funera
1842 717 2050 780 posco.

343 787 546 864 Illum,
593 805 699 848 oro
720 833 738 865 ‚
785 797 1079 848 extorrem
1117 789 1285 865 regni
1327 787 1606 866 belloque
1649 786 1923 862 fugatum,

347 872 546 947 Illum,
589 891 761 952 quem
800 872 951 933 solio
995 890 1109 933 non
1153 891 1218 933 es
1262 872 1493 949 dignata
1534 879 1801 950 paterno,

348 957 556 1018 Redde
599 957 763 1027 mihi;
802 967 1013 1037 tuque,
1059 975 1203 1033 oro,
1246 958 1411 1032 veui,
1457 957 1507 1015 si
1546 954 1802 1015 manibus
1843 954 1962 1015 nlla
2460 984 2463 1073 ἐ

347 1040 598 1120 Effigies
644 1052 955 1121 errantque
1000 1044 1221 1103 animae
1267 1049 1403 1121 post
1442 1039 1699 1100 membra
1740 1039 1991 1100 solutae.
2242 1050 2353 1104 265

352 1125 440 1187 Tu
482 1128 618 1187 mihi
661 1126 849 1206 pande
883 1128 1041 1204 vias,
1083 1136 1295 1206 tuaque
1338 1128 1467 1205 ipse
1510 1125 1582 1186 ad
1622 1123 1825 1185 funera
1865 1124 2080 1201 deduc,

352 1213 416 1274 Si
459 1212 688 1272 merui?
773 1212 967 1289 Dixit,
1013 1220 1346 1290 tectumque
1387 1226 1672 1289 aggressa
1707 1210 2071 1290 propinquae

346 1295 650 1358 Pastorale
693 1314 867 1358 casae
907 1296 1098 1357 reiicit
1141 1296 1450 1376 spiramina
1491 1295 1635 1355 fessi

347 1381 543 1459 Ignis,
589 1390 649 1441 et
691 1379 1015 1442 horrendos
1051 1381 1319 1459 inrumpit
1352 1379 1579 1441 turbida
1616 1395 1870 1457 campos.

482 1464 682 1539 Qualis
724 1464 794 1526 ab
827 1463 1108 1526 Aetnaeis
1152 1482 1402 1527 accensa
1437 1464 1702 1543 lampade
1744 1464 1901 1523 saxis
2241 1473 2349 1526 270

352 1549 510 1610 Orba
547 1547 732 1609 Ceres
775 1567 1019 1627 magnae
1061 1549 1324 1610 variabat
1361 1550 1610 1626 imagine
1650 1548 1911 1608 flammae

350 1632 671 1694 Ausonium
706 1634 1077 1713 Siculumque
1119 1634 1302 1710 latus,
1336 1635 1583 1711 vestigia
1620 1634 1768 1711 nigri

352 1718 628 1797 Raptoris
669 1727 987 1798 vastosque
1031 1720 1239 1797 legens
1283 1720 1341 1779 in
1384 1718 1628 1798 pulvere
1665 1717 1882 1777 sulcos.

353 1801 520 1864 Illius
563 1804 777 1864 insanis
817 1803 1129 1864 ululatibus
1172 1805 1306 1883 ipse
1343 1804 1591 1880 remugit

351 1887 685 1950 Enceladus
728 1897 1017 1968 ruptoque
1057 1889 1183 1949 vias
1226 1887 1520 1948 inluminat
1557 1889 1697 1965 igni.
2240 1895 2345 1950 275

355 1973 776 2052 Persephonen
813 1991 1045 2049 amnes,
1092 1972 1307 2049 silvae,
1350 1973 1534 2049 freta,
1578 1971 1771 2033 nubila
1815 1972 2083 2049 clamant,

354 2055 776 2136 Persephonen
817 2066 1030 2119 tantum
1069 2058 1257 2135 Stygii
1300 2065 1455 2118 tacet
1484 2056 1615 2119 aula
1657 2058 1859 2117 mariti.

486 2143 777 2203 Admonet
821 2143 1113 2203 attonitam
1154 2142 1302 2203 fidus
1341 2142 1668 2202 meminisse
1714 2138 1984 2202 Creontis

356 2227 531 2309 Altor
575 2236 633 2287 et
674 2226 959 2288 occultam
996 2226 1331 2287 submittere
1368 2226 1632 2305 lampada
1678 2226 1851 2287 furto.

359 2311 586 2389 Regina
624 2311 938 2389 Argolicas
979 2311 1151 2372 modo
1194 2311 1500 2372 formidata
1544 2329 1651 2390 per
1687 2310 1885 2386 urbes,
2241 2321 2343 2376 280

356 2396 574 2456 Votum
605 2396 829 2457 inmane
864 2397 1059 2476 procis
1092 2413 1355 2475 spesque
1393 2396 1792 2473 augustissima
1822 2398 2034 2472 gentis,

357 2479 549 2541 Nocte
594 2480 701 2540 sub
740 2481 978 2558 infesta,
1021 2479 1180 2541 nullo
1221 2481 1371 2541 duce
1416 2489 1475 2541 et
1516 2478 1685 2542 hoste
1727 2482 2056 2559 propinquo

360 2563 503 2626 Sola
544 2582 653 2644 per
692 2565 949 2626 offensus
993 2582 1278 2626 armorum
1331 2574 1390 2626 et
1425 2564 1647 2626 lubrica
1686 2564 1824 2625 tabo

365 2648 661 2726 Gramina,
703 2668 818 2710 non
857 2649 1163 2726 tenebras,
1207 2665 1324 2709 non
1365 2648 1707 2710 circumfusa
1750 2650 2090 2709 tremiscens

367 2733 631 2794 Concilia
664 2733 988 2795 umbrarum
1014 2743 1186 2813 atque
1218 2735 1434 2795 animas
1466 2752 1568 2794 sua
1594 2732 1850 2794 membra
1883 2742 2214 2811 gementes.
2241 2743 2339 2798 285

363 2819 558 2898 Saepe
599 2820 781 2896 gradu
825 2837 1006 2880 caeco
1044 2820 1261 2880 ferrum
1307 2817 1645 2897 calcataque
1685 2818 1806 2879 tela

364 2903 732 2980 Dissimulat‚
778 2904 1057 2984 solusque
1103 2903 1270 2964 labor
1310 2904 1493 2963 vitare
1534 2904 1813 2978 iacentes,

364 2986 512 3048 Dum
555 2987 725 3048 funus
763 2997 925 3068 putat
963 3005 1131 3048 omne
1173 3007 1364 3064 suum,
1407 2989 1652 3066 visuque
1695 2990 1892 3065 sagaci

366 3071 625 3133 Rimatur
660 3074 886 3151 positos
924 3082 982 3132 et
1016 3090 1269 3152 corpora
1307 3089 1490 3152 prona
1526 3074 1755 3151 supinat

368 3156 742 3233 Incumbens‚
789 3157 1161 3236 queriturque
1205 3175 1404 3236 parum
1446 3155 1770 3218 lucentibus
1812 3158 2000 3216 astris.
2244 3167 2338 3222 290

493 3240 669 3301 Forte
713 3240 1074 3320 soporiferas
1113 3241 1267 3301 coeli
1307 3251 1540 3303 secreta
1578 3259 1691 3321 per
1731 3240 1958 3301 umbras

366 3322 542 3398 luno,
587 3326 713 3384 sinu
751 3327 943 3402 magni
983 3334 1167 3385 semet
1207 3327 1393 3386 furata
1433 3327 1640 3402 mariti,

371 3398 636 3467 Theseos
677 3409 763 3469 ad‘
788 3426 1016 3487 muros,
1065 3419 1123 3471 ut
1161 3408 1398 3470 Pallada
1438 3411 1739 3489 flecteret,
1779 3410 1918 3488 ibat,
