2517 3909
274 140 352 202 10
944 153 1009 203 Ρ.
1053 153 1321 204 mrum
1366 153 1600 204 s‘rA‘rn

261 309 593 387 Sollicitet,
641 308 782 370 licet
824 308 1457 391 ignipedum‘frenator
1493 324 1774 391 equorum

263 394 404 475 Ipse
446 395 561 455 tuis
604 394 721 454 alte
758 393 1077 455 radiantem
1115 395 1369 456 crinibus
1416 414 1614 456 arcum

265 479 574 559 lnprimat‚
623 486 720 539 aut
760 480 952 556 magni
999 478 1171 539 cedat
1207 479 1312 541 tibi
1353 478 1616 559 Iuppiter
1658 495 1850 558 aequa

264 564 437 626 Parte
475 563 630 644 poli:
675 580 911 636 maneas
953 562 1244 632 bominum
1285 573 1590 625 contentus
1632 562 1900 639 habenis,
2201 573 2276 629 3ο

261 648 557 710 Undarum
594 656 908 727 terraeque
944 657 1190 727 potens,
1235 657 1299 709 et
1326 645 1536 709 'sidera
1584 645 1789 710 dones.

263 732 520 812 Tempus
567 734 709 810 erit,
755 751 929 813 quum
970 733 1267 811 laurigero
1311 741 1408 794 tua
1445 734 1654 794 fortior
1693 739 1895 792 oestro

261 817 443 880 Facta
485 835 717 878 canam:
761 834 926 878 nunc..
948 816 1126 879 tendo
1173 817 1405 894 chelyn.
1482 818 1649 879 'Satis
1693 835 1852 880 arma
1884 814 2114 878 referre

262 903 455 963 Aonia
500 910 559 961 et
590 902 839 979 geminis
878 911 1175 982 sceptrum
1219 901 1460 963 exitiale
1499 902 1779 978 tyrannis,

262 986 393 1049 Nec
441 986 609 1047 furiis
649 995 787 1066 post
825 985 944 1048 fata
971 987 1218 1048 modum
1255 985 1630 1067 flammasque
1673 983 1938 1047 rebelles
2196 994 2273 1053 ‚35

263 1072 566 1146 Seditione
612 1071 745 1149 rogi
788 1071 1139 1150 tumulisque
1186 1071 1444 1132 carentia
1484 1088 1691 1148 regum

260 1156 492 1219 Funera
533 1164 592 1217 et
628 1164 865 1234 egestas
910 1155 1151 1216 alternis
1189 1156 1485 1216 mortibus*
1515 1155 1723 1225 urbes;

264 1240 521 1303 Caerula
566 1258 740 1320 quum
781 1238 974 1300 rubuit
1014 1239 1280 1301 Lernaeo
1323 1241 1607 1318 sanguine
1639 1239 1843 1315 Dirce,

260 1324 338 1387 Et
381 1325 586 1386 Thetis
628 1333 863 1385 arentes
898 1333 1195 1386 assuetum
1239 1326 1534 1404 stringere
1579 1326 1751 1403 ripas.

196 1439 206 1451 ·
259 1410 498 1471 Horruit
541 1410 762 1488 ingenti
802 1410 1137 1470 venientem
1178 1407 1452 1471 Ismenon
1493 1414 1734 1474 acervo.
2193 1420 2274 1473 40

263 1496 451 1570 Quem
496 1496 656 1574 prius
700 1493 974 1571 heroum,
1023 1492 1189 1571 clio,
1230 1492 1438 1556 dabis?
1481 1494 1830 1564 inmodicum
1873 1493 2009 1554 irae,

263 1575 507 1656 Tydea?
552 1577 835 1656 laurigeri
876 1577 1100 1639 subitos
1137 1597 1219 1658 an»
1247 1581 1397 1640 vatis
1439 1575 1676 1642 hiatus?

260 1663 452 1741 Urget
494 1671 552 1724 et
593 1663 866 1725 hostilem
909 1663 1253 1744 propellens
1301 1662 1583 1725 caedibus
1634 1680 1860 1724 amnem

262 1747 550 1809 Turbidus
592 1747 1041 1828 Hippomedon,
1083 1748 1496 1828 plorandaque
1529 1746 1691 1811 bella
1736 1748 2002 1827 protervi

260 1832 531 1894 Arcados
577 1842 752 1913 atque
791 1832 910 1895 alio
958 1831 1270 1914 Capaneus
1312 1832 1560 1894 horrore
1599 1831 1914 1904 canendus.
2199 1841 2274 1897 45

384 1916 546 1998 Inpia
587 1917 700 1978 iam
739 1919 944 1979 merita
987 1926 1279 1979 scrutatus
1322 1918 1534 1979 lumina
1574 1916 1787 1982 dextra

260 2002 551 2063 Merserat
594 2011 834 2065 aeterna
871 2003 1199 2066 damnatum
1240 2011 1418 2063 nocte
1460 2001 1746 2081 pudorem

265 2086 644 2167 Oedipodes,
690 2086 986 2165 longaque
1030 2088 1275 2166 animam
1310 2085 1418 2148 sub
1460 2096 1652 2147 morte
1693 2084 1950 2148 tenebat.

259 2172 432 2238 Illum
471 2170 868 2250 indulgentem
907 2170 1172 2233 tenebris
1209 2165 1481 2250 imaeque
1519 2189 1766 2232 recessu

263 2255 437 2319 Sedis
483 2254 863 2336 inadspectos
905 2254 1081 2316 coelo
1123 2255 1421 2334 radiisque
1464 2265 1712 2336 penates
2194 2268 2275 2321 50

262 2343 609 2403 Servantem
653 2348 847 2400 tamen
885 2339 1134 2402 assiduis
1178 2341 1560 2402 circumvolat
1599 2341 1710 2401 alis
2270 2343 2277 2348 ’

262 2428 455 2488 Saeva
497 2425 624 2486 dies
667 2425 873 2502 animi,
915 2424 1327 2505 scelerumque
1360 2426 1433 2486 <in
1475 2434 1731 2505 pectore.
1764 2423 1964 2485 Dirae.

264 2511 427 2572 Tunc
469 2527 691 2570 vacuos
732 2508 945 2588 orbes,
1004 2509 1241 2586 crudam
1284 2528 1359 2572 ac
1388 2509 1732 2572 miserabile
1775 2510 1932 2570 vitae

264 2594 659 2674 Supplicium,
706 2603 960 2658 ostentat
1003 2594 1178 2657 coelo
1219 2596 1600 2676 manibusque
1646 2596 1902 2656 cruentis

263 2680 465 2742 Pulsat
508 2680 682 2740 inane
723 2679 949 2755 solum,
994 2697 1305 2761 saevaque,
1341 2682 1421 2744 ita
1462 2698 1616 2741 voce
1661 2687 1976 2758 precatur:
2195 2691 2268 2744 55

392 2763 525 2840 τΒΞ,
567 2760 778 2826 sontes
815 2766 1033 2824 animas
1054 2775 1433 2845 ,angustaque
1473 2772 1690 2826 tartara
1734 2764 1949 2843 poenis

263 2849 381 2925 Qui
418 2849 657 2927 regitis,
702 2857 882 2927 tuque
905 2851 908 2852 ’
931 2847 1248 2910 umbrifero
1286 2849 1439 2927 Styri
1476 2849 1655 2912 livida
1695 2848 1898 2926 fundo,

262 2933 451 3009 Quam
490 2933 701 3010 video,
745 2931 1102 3013 multumque
1135 2934 1276 2995 mihi
1320 2943 1600 2995 consueta
1637 2932 1843 2994 vocari

262 3018 505 3096 Annine,
554 3014 905 3096 Tisiphone,
949 3036 1352 3099 perversaque
1400 3028 1539 3080 vota
1582 3016 1868 3082 secunda:

265 3105 331 3164 Si
368 3103 522 3164 bene
567 3101 704 3182 quid
744 3104 963 3179 merui,
1006 3104 1054 3163 si
1091 3122 1184 3165 me
1229 3103 1307 3164 de
1346 3113 1528 3164 matre
1575 3102 1881 3176 cadentem
2194 3113 2271 3168 60

264 3185 488 3248 Fovisti
531 3187 760 3265 gremio
802 3196 863 3248 et
903 3189 1209 3248 traiectum
1250 3187 1497 3248 vulnere
1537 3187 1766 3267 plantas

265 3270 564 3348 Firmasti,
611 3272 661 3331 si
696 3281 904 3351 stagna
955 3273 1099 3350 petii
1143 3268 1444 3347 Cyrrhaea
1484 3271 1713 3333 bicorni

266 3355 555 3417 interfusa
592 3356 766 3434 iugo,
807 3372 1048 3435 possem
1073 3372 1264 3434 -quum
1303 3356 1528 3435 degere
1567 3356 1722 3417 falso

269 3435 590 3502 Contentus
633 3439 860 3518 Polybo
878 3482 897 3516 ,
939 3438 1282 3520 trifidaeque
1324 3442 1384 3502 in
1423 3440 1715 3516 Phocidos
1756 3449 1926 3503 arcto
