2517 3909
292 157 338 219 4
979 153 1043 209 P.
1078 153 1302 208 PAPIN
1302 151 1357 206 11
1394 150 1634 207 STATH

303 299 625 367 Certatim
668 299 891 364 laurus
938 294 1127 382 (olim
1176 297 1356 363 dolet
1402 297 1607 362 altera
1650 294 1852 382 vinci)

295 390 401 456 Da
446 390 707 455 veniam
752 409 827 452 ac
871 386 1193 472 trepidum
1240 389 1467 471 patere
1522 385 1646 450 hoc
1704 385 1937 450 sudare
1983 406 2347 469 parumper

294 478 594 544 Pulvere.
683 474 777 541 Te
822 475 1025 561 longo
1068 474 1344 541 necdum
1390 474 1629 540 fidente
1666 479 1904 559 paratu

294 568 605 635 Molimur
649 587 1054 652 magnusque
1100 565 1227 631 tibi
1271 563 1600 649 praeludit
1644 562 1958 629 Achilles.

385 655 687 722 Solverat
733 654 1007 720 Oebalio
1056 654 1330 720 classem
1376 652 1454 717 de
1500 652 1695 717 litore
1740 656 1965 737 pastor
2265 668 2343 719 20

294 744 643 812 Dardanus
689 744 985 809 incautas
1033 743 1272 809 blande
1316 741 1669 827 populatus
1714 741 2049 827 Amyclae,

297 836 629 920 Plenaque
678 833 959 898 materni
1003 832 1291 897 referens
1337 832 1685 917 praesagia
1730 833 1942 897 somni

301 922 656 1008 Culpatum
701 921 1036 1007 relegebat
1079 922 1227 1005 iter,
1274 944 1402 1007 qua
1449 922 1710 987 condita
1753 926 1958 1006 ponto

294 1012 637 1078 Fluctibus
684 1009 915 1076 invisis
961 1011 1094 1076 iam
1140 1009 1374 1075 Nereis
1421 1011 1704 1095 imperat
1749 1010 1968 1076 Helle:

295 1100 461 1167 Cum
507 1100 738 1165 Thetis
784 1098 1015 1166 Idaeos
1061 1095 1217 1186 (heu
1259 1121 1616 1184 numquam
1654 1122 1824 1166 vana
1857 1103 2203 1185 parentum
2266 1117 2342 1167 25

296 1188 649 1276 Augurial)
697 1189 960 1273 expavit
1004 1189 1215 1254 vitreo
1265 1189 1384 1254 sub
1431 1189 1692 1275 gurgite
1736 1211 1967 1255 remos.

294 1278 435 1346 Nec
480 1300 692 1362 mora,
740 1281 807 1342 et
851 1277 1117 1343 undosis
1163 1278 1364 1342 turba
1410 1279 1762 1343 comitante
1810 1300 2107 1345 sororum

295 1367 618 1434 Prosiluit
662 1366 995 1431 thalamis:
1045 1366 1301 1431 fervent
1345 1367 1645 1433 coeuntia
1690 1366 1916 1432 Phrixi

293 1457 526 1522 Litora
570 1460 639 1520 et
683 1458 1034 1540 angustum
1082 1455 1379 1521 dominas
1425 1477 1560 1521 non
1606 1456 1890 1541 explicat
1934 1478 2192 1541 aequor.

295 1545 425 1610 Illa
470 1544 583 1610 ubi
628 1543 920 1610 discusso
965 1544 1252 1630 primum
1301 1544 1478 1610 subit
1525 1567 1678 1610 aera
1722 1549 1963 1629 ponto:
2266 1563 2344 1613 30

296 1634 426 1699 ‘Me
470 1633 639 1719 petit
680 1632 861 1718 haec,
906 1634 1070 1699 mihi
1116 1631 1373 1700 classis'
1420 1634 1535 1719 ait,
1580 1632 1863 1701 ‘funesta
1908 1635 2213 1720 minatur,

296 1723 606 1809 Agnosco
653 1723 939 1787 monitus
988 1726 1055 1788 et
1096 1720 1341 1789 Protea
1386 1744 1542 1788 vera
1585 1723 1896 1789 locutum.

298 1812 470 1878 Ecce
518 1833 755 1878 novam
802 1810 1065 1877 Priamo
1111 1811 1364 1877 facibus
1412 1811 1489 1876 de
1534 1833 1752 1897 puppe
1796 1812 2033 1878 levatis

297 1901 453 1966 Fert
495 1898 773 1966 Bellona
815 1923 1078 1966 nurum:
1126 1900 1319 1966 video
1366 1900 1498 1965 iam
1545 1901 1723 1966 mille
1769 1901 2005 1966 carinis

297 1990 557 2056 Ionium
604 1988 1065 2076 Aegaeumque
1110 1990 1347 2075 premi3
1392 2010 1514 2055 nec
1561 1989 1821 2073 sufficit,
1867 1991 2078 2056 omnis
2267 2007 2345 2058 35

301 2079 490 2157 Quod
533 2079 735 2163 plaga
779 2076 1225 2164 Graiugenum
1271 2078 1538 2144 tumidis
1586 2078 1887 2145 coniurat
1930 2079 2209 2145 Atridis:

302 2168 449 2234 Iam
492 2168 732 2253 pelago
777 2168 1095 2252 terrisque
1142 2188 1325 2232 meus
1374 2171 1719 2252 quaeretur
1760 2166 2053 2234 Achilles

300 2257 393 2322 Et
440 2256 617 2323 volet
660 2257 800 2341 ipse
848 2257 1045 2341 sequi.
1137 2254 1305 2332 Quid
1351 2256 1526 2321 enim
1572 2256 1898 2322 cunabula
1940 2280 2142 2342 parvo

296 2346 528 2413 Pelion
576 2349 646 2410 et
688 2345 861 2411 torvi
908 2345 1351 2411 commisimus
1399 2349 1589 2411 antra
1633 2346 1977 2431 magistri?

297 2434 462 2520 Illic,
505 2434 576 2499 ni
621 2433 833 2519 fallor,
877 2433 1309 2519 Lapitharum
1353 2434 1605 2518 proelia
1650 2434 1820 2500 ludit
2266 2453 2344 2504 40

299 2522 645 2609 Improbus
694 2527 760 2588 et
801 2524 1021 2608 patria
1066 2523 1195 2589 iam
1244 2546 1314 2589 se
1361 2524 1629 2590 metitur
1671 2524 1741 2590 in
1786 2524 1995 2590 hasta.

449 2810 515 2860 17
572 2805 806 2860 suadere
850 2808 1064 2860 PtHD
1111 2805 1315 2861 sudare
1342 2809 1428 2871 ep
1479 2804 1736 2877 sulsldere
1773 2804 1845 2857 θ’
1899 2807 2120 2863 sordere
2155 2807 2344 2864 Baeh-

300 2877 523 2933 rensius
565 2877 586 2946 ΙΙ
644 2880 709 2931 18
764 2875 844 2931 Te
889 2875 1138 2931 nondum
1181 2876 1353 2946 longo
1392 2875 1598 2931 fidente
1634 2882 1679 2929 D
1724 2875 1972 2932 nondum
2009 2878 2214 2933 fidente
2251 2883 2307 2933 Η
2324 2879 2345 2953 ΙΙ

303 2947 1305 3088 ἒέεῑίιῖοῗιῗιῗὲ(ῧιξωξῗέῗῗέἓςῖ.
1318 2946 2345 3088 {aestaflssssassfflzzzpffffi

303 3091 406 3161 qm·
459 3089 705 3146 Statim
758 3063 1050 3160 imitatur).
1088 3060 1214 3173 {1124
1241 3063 1517 3173 ‘inmersis
1552 3097 1579 3143 t
1671 3062 1953 3173 ssi-daei}
1988 3093 2074 3161 ru
2114 3098 2183 3147 2⁷
2271 3040 2348 3149 ΞΕ

308 3178 470 3218 mora
506 3161 578 3217 ab
616 3163 735 3218 edd.
764 3167 886 3219 vett.
932 3163 953 3232 ΙΙ
996 3161 1286 3216 undisonis
1321 3166 1377 3215 Π
1419 3161 1441 3231 ΙΙ
1486 3165 1555 3215 28
1648 3161 1833 3217 rosiht
1867 3180 1903 3217 a
1937 3162 2207 3218 thalamis
2237 3168 2293 3218 Η
2322 3163 2347 3238 ΙΙ

313 3239 383 3288 30
411 3232 512 3288 ubi
538 3249 640 3290 om.
669 3239 709 3287 P
735 3235 756 3305 ΙΙ
783 3239 848 3289 31
881 3233 975 3288 Me
1000 3232 1166 3303 petit,
1201 3233 1344 3288 haec
1398 3232 1540 3287 mihi
1595 3232 1791 3288 classis
1828 3234 2185 3304 distinquwnt
2225 3239 2281 3288 Η
2299 3240 2347 3289 Β

303 3304 423 3360 edd.
461 3309 584 3361 vett.
642 3307 653 3373 Ι
710 3306 943 3376 paratur
975 3304 1108 3360 Ala.
1154 3305 1176 3374 ΙΙ
1218 3320 1302 3359 vv.
1340 3307 1562 3360 33—90
1606 3305 1804 3360 desunt
1846 3306 1911 3361 in
1944 3313 1989 3360 1>
2044 3306 2116 3373 cf.
2144 3323 2346 3378 proyr.

306 3374 704 3432 Dommerichii
731 3392 792 3458 p.
825 3374 954 3430 XV
981 3392 1040 3430 οι.
1066 3378 1147 3433 20
1173 3377 1205 3458 n·
1221 3381 1290 3430 36
1329 3375 1587 3431 coniurat
1618 3375 1690 3449 {in
1733 3377 1902 3431 armis
1940 3381 1984 3429 G
2009 3377 2030 3447 11
2057 3381 2126 3433 38
2162 3394 2347 3449 parva

306 3449 349 3497 G
374 3446 396 3514 ΙΙ
422 3452 490 3503 39
540 3448 891 3504 comissimus
928 3452 969 3499 P
994 3447 1016 3516 11
1041 3451 1111 3501 40
1149 3447 1231 3502 ml
1267 3446 1437 3503 fallor
1472 3452 1512 3500 P
1537 3448 1558 3517 u
1700 3485 1705 3492 .
