2517 3909
877 149 1257 206 samium
1293 150 1357 206 L.
1394 151 1489 220 111,
1529 157 1576 206 5.
2223 150 2309 217 93

164 297 603 382 Parthenope,
650 295 753 361 cui
797 296 955 361 mite
1002 294 1213 362 solum
1257 299 1440 362 trans
1488 318 1771 382 aequora
1815 303 2038 366 uectae

164 387 320 472 Ipse
364 385 659 453 Dionaea
705 385 1101 452 monstrauit
1142 383 1382 471 Apollo
1429 386 1748 453 columba.
2238 406 2308 457 80

165 475 311 541 Has
358 497 481 562 ego
526 479 595 541 te
641 474 824 540 sedes
872 473 1054 558 (nam
1098 495 1218 539 nec
1264 474 1428 539 mihi
1472 475 1753 542 barbara
1797 478 2044 546 Thrace

163 564 310 631 Nec
354 564 559 650 Libye
603 564 823 629 natale
871 560 1111 650 solum)
1158 564 1512 629 transferre
1556 565 1801 648 laboro,

168 653 348 730 Quas
394 658 460 719 et
503 653 719 719 mollis
764 653 973 718 hiems
1020 656 1088 718 et
1129 652 1373 739 frigida
1416 656 1737 738 temperat
1781 660 2013 742 aestas,

165 741 348 819 Quas
393 744 633 809 inbelle
678 742 921 808 fretum
965 742 1377 827 torpentibus
1424 742 1629 809 adluit
1672 746 1882 812 undis.

166 831 309 897 Pax
354 854 582 899 secura
625 832 785 900 locis
831 834 898 896 et
942 831 1179 898 desidis
1231 831 1368 897 otia
1411 832 1586 897 uitae
2239 853 2306 903 85

165 920 259 987 Et
303 944 657 1008 numquam
701 922 966 988 turbata
1011 921 1194 1006 quies
1241 921 1580 1006 somnique
1625 925 1854 1008 parati.

163 1009 374 1076 Nulla
416 1011 563 1078 foro
609 1011 823 1077 rabies
869 1013 984 1076 aut
1030 1009 1299 1077 strictae
1344 1011 1415 1075 in
1458 1011 1672 1096 iurgia
1717 1014 1925 1101 leges:

163 1099 432 1165 Morum
474 1101 620 1166 iura
663 1099 824 1165 uiris
872 1101 1085 1165 solum
1130 1102 1196 1164 et
1242 1099 1378 1164 sine
1423 1099 1711 1167 fascibus
1758 1126 2050 1189 aequum.

166 1187 343 1265 Quid
384 1212 561 1256 nunc
606 1189 986 1276 magnificas
1033 1188 1281 1275 species
1328 1189 1663 1275 cultusque
1708 1192 1998 1260 locorum

167 1277 568 1365 Templaque
615 1282 681 1344 et
723 1278 1078 1344 innumeris
1127 1278 1343 1362 spatia
1387 1277 1800 1348 interstincta
1846 1284 2181 1369 columnis,
2238 1301 2307 1351 90

165 1366 258 1433 Et
304 1369 634 1453 geminam
681 1368 919 1433 molem
966 1367 1123 1433 nudi
1167 1367 1451 1452 tectique
1488 1368 1731 1435 theatri

164 1455 258 1522 Et
305 1455 695 1543 Capitolinis
742 1456 1186 1542 quinquennia
1228 1457 1529 1542 proxima
1571 1457 1811 1542 lustris,

167 1544 342 1623 Quid
385 1546 645 1612 laudem
689 1546 870 1610 lusus
915 1546 1416 1631 libertatemque
1462 1545 1819 1632 Menandri,

164 1632 378 1710 Quam
424 1635 759 1701 Romanus
804 1635 1016 1702 honos
1064 1637 1129 1700 et
1176 1633 1375 1700 Graia
1418 1634 1682 1702 licentia
1728 1639 2049 1705 miscent?

163 1721 232 1788 N
233 1746 306 1789 ec
344 1723 578 1790 desunt
623 1723 846 1790 uariae
892 1725 1065 1790 cirea
1109 1723 1548 1790 oblectamina
1591 1726 1792 1792 uitae:
2239 1746 2306 1796 95

115 1841 122 1848 ·
166 1810 320 1878 Siue
365 1814 789 1898 uaporiferas‚
832 1813 1260 1879 blandissima
1304 1813 1519 1898 litora,
1564 1812 1791 1900 Baias,

161 1900 431 1968 Enthea
474 1903 778 1969 fatidicae
827 1924 942 1968 seu
986 1902 1197 1968 uisere
1243 1905 1417 1968 tecta
1456 1900 1738 1989 Sibyllae

161 1990 374 2057 Dulce
422 1993 508 2058 sit
549 1991 878 2078 Iliacoque
923 1992 1151 2078 iugum
1194 1992 1618 2068 memorabile
1663 2015 1859 2079 rem0,

165 2078 297 2147 Seu
343 2081 467 2146 tibi
511 2080 791 2147 Bacchei
835 2081 1060 2147 uineta
1102 2081 1433 2146 madentia
1478 2080 1680 2146 Gauri

164 2169 657 2255 Teleboumque
702 2170 948 2249 domos,
993 2170 1262 2255 trepidis
1309 2170 1422 2235 ubi
1468 2169 1682 2236 dulcia
1724 2172 1943 2237 nautis
2209 2188 2309 2238 100

161 2253 453 2324 Lumina
492 2259 880 2344 noctiuagae
924 2258 1101 2325 tollit
1144 2259 1398 2325 Pharus
1446 2260 1701 2325 aemula
1743 2260 1955 2346 lunae,

168 2347 470 2434 Garaque
513 2370 650 2415 non
692 2348 876 2413 molli
920 2350 1076 2434 iuga
1123 2347 1507 2413 Surrentina
1551 2347 1795 2434 Lyaeo,

168 2435 354 2514 Quae
399 2459 584 2503 meus
631 2440 782 2503 ante
828 2437 992 2503 alios
1039 2436 1376 2504 habitator
1420 2435 1666 2503 Pollius
1715 2442 1928 2523 auget,

163 2525 619 2612 Aenariaeque
665 2528 843 2593 lacus
880 2525 1164 2593 medicos
1213 2524 1597 2611 Stabiasque
1642 2531 1926 2593 renatas,

312 2869 382 2919 80
422 2863 626 2919 dionea
665 2895 730 2903 --
770 2863 1031 2919 columba
1066 2866 1136 2918 A:
1185 2862 1420 2919 dioneae
1459 2894 1525 2903 -
1566 2863 1857 2919 columbae
1893 2870 1929 2917 0
1964 2866 1985 2934 ΙΙ
2020 2869 2090 2920 86
2126 2864 2313 2946 parati

170 2939 231 2991 ςε
270 2934 490 3005 peracti
536 2941 572 2988 0
619 2954 653 2989 a
688 2936 707 3005 ΙΙ
744 2941 810 2991 87
861 2934 1090 2990 strictae
1134 2934 1195 2989 in
1240 2933 1428 3004 iurgia
1462 2934 1617 3004 leges
1654 2937 1700 2987 A
1737 2940 1797 2989 cz
1850 2935 2082 2991 strictae
2130 2935 2314 3006 iurgia

167 3007 317 3077 legis
354 3011 392 3061 ς
437 3008 459 3076 ΙΙ
504 3013 575 3063 90
613 3006 957 3077 Templaque
1004 3007 1063 3060 et
1096 3005 1210 3062 inn.
1250 3008 1321 3059 A:
1368 3005 1717 3076 Templaque
1753 3006 1868 3062 inn.
1908 3012 1944 3059 0
1987 3008 2008 3077 ῃ
2051 3012 2121 3062 93
2157 3006 2312 3062 lusus

166 3079 399 3147 smipsi:
443 3078 578 3134 litus
627 3084 662 3130 0
708 3096 742 3131 a
784 3077 927 3132 risus
970 3076 1415 3147 Lindenbroqius
1450 3079 1470 3149 ΙΙ
1506 3084 1574 3133 93
1623 3078 1916 3134 Menandri
1966 3084 2312 3150 corruptum3

165 3150 551 3218 proponebant
592 3148 819 3204 iocandi
860 3147 1091 3203 lauandi
1127 3147 1362 3205 natandi
1395 3148 1645 3221 uagandi
1686 3149 1912 3206 meandi
1964 3152 1985 3219 11
2039 3156 2110 3204 94
2154 3149 2314 3220 graia

169 3224 207 3275 ς
221 3238 232 3274 :
272 3222 442 3290 grata
487 3226 523 3273 0
560 3238 598 3302 ⁸.
629 3219 649 3290 ΙΙ
664 3290 677 3302 .
696 3225 798 3303 194
832 3218 1236 3289 Denarumque·
1275 3222 1383 3304 (ita
1427 3224 1473 3305 A
1518 3223 1574 3290 0)
1620 3226 1964 3305 corruptum}
1997 3220 2312 3304 ‚Aenariae—

166 3290 921 3444 ξῗέεῗὲᾝὲἒῖῗὲᾚῗ
931 3291 2312 3432 stfflssg'hmoefflaehssssw)2⁰22?

167 3434 430 3504 tluasque
469 3438 506 3487 0
543 3434 892 3504 stannasque
930 3451 964 3486 a
