2517 3909
157 3435 160 3436 ⁷
254 3438 585 3522 Pastores,
629 3444 936 3525 magnique
972 3443 1118 3521 fugit
1155 3443 1522 3505 non-inscius
1566 3446 1709 3504 ausi.

281 142 360 204 78
471 161 477 169 ·
952 155 1015 202 P.
1060 154 1333 203 mmm
1376 153 1608 203 s'rA'rn

277 310 558 389 Mirabar,
606 329 711 372 cur
735 310 968 391 ‘templa
1010 310 1149 372 mihi
1186 310 1497 371 tremuisse
1540 310 1760 371 Dianae

276 396 482 476 Nuper
526 404 584 457 et
626 395 870 456 inferior
913 395 1075 455 vultu
1118 394 1229 456 dea
1272 397 1429 473 visa,
1475 396 1779 474 sacrisque

278 480 544 541 Exuviae
585 480 861 541 cecidere
902 479 1112 541 tholis:
1157 480 1294 539 hinc
1337 483 1577 559 segnior
1617 498 1789 540 arcus

278 564 690 645 Difficilesque
726 581 961 641 manus,
1005 574 1072 625 et
1109 563 1271 625 nullo
1315 565 1372 624 in
1406 566 1649 626 vulnere
1690 573 1912 625 certae.

278 649 581 729 Expecta,
628 649 760 710 dum
805 650 988 710 maior
1021 649 1242 726 honos,
1291 650 1421 710 dum
1471 649 1686 709 firmius
1726 667 1957 724 aevum,
2173 661 2288 717 335

275 732 425 794 Dum
466 735 657 802 roseis
689 736 852 794 venit
890 732 1090 794 umbra
1132 734 1304 811 genis
1343 733 1652 813 vultusque
1693 734 1975 795 recedunt

280 817 397 878 Ore
438 819 580 887 mei3
625 827 763 879 tunc
803 817 963 880 bella
998 818 1103 878 tibi
1141 818 1508 898 ferrumque,
1550 818 1706 898 quod
1750 819 1942 895 ardeat,

263 901 412 981 -Ipsa
455 902 640 979 dabo,
686 912 746 963 et
781 902 945 964 nullo
989 904 1187 963 matris
1224 904 1593 964 revocabere
1632 903 1791 967 fletu.

276 985 443 1047 Nunc
480 987 641 1048 refer
685 1005 840 1049 arma
884 988 1144 1065 domum,
1201 1006 1313 1048 vos
1354 999 1548 1049 autem
1592 988 1744 1048 hunc
1784 989 1873 1049 ire
1921 990 2144 1066 sinetis,

279 1071 579 1150 Arcades,
626 1089 661 1132 o
708 1074 865 1133 saxis
904 1074 1167 1133 nimirum
1204 1081 1265 1133 et
1304 1072 1519 1133 robore
1562 1073 1742 1134 nati!'
2171 1086 2289 1140 340

408 1155 579 1218 Plura
627 1158 813 1237 cupit;
858 1157 971 1218 fusi
1016 1158 1232 1218 circum
1274 1167 1561 1238 natusque
1604 1158 1903 1237 ducesque

281 1242 555 1302 Solantur
593 1243 964 1321 minuuntque
1008 1251 1225 1318 metus,
1274 1251 1333 1303 et
1367 1244 1478 1302 iam
1521 1242 1754 1303 horrida
1793 1242 2071 1324 clangunt

280 1328 459 1404 Signa
500 1324 695 1387 tubae.
779 1325 998 1405 Nequit
1037 1326 1138 1386 illa
1184 1328 1282 1406 pio
1329 1328 1617 1388 dimittere
1658 1337 1851 1388 natum

283 1408 642 1490 complexu,
686 1410 1036 1491 multumque
1079 1412 1213 1472 duci
1256 1411 1618 1473 commendat
1654 1412 1928 1474 Adrasto.

409 1494 487 1555 At
531 1504 698 1575 parte
743 1514 820 1556 ex
858 1495 972 1557 alia
1015 1495 1213 1556 Cadmi
1256 1496 1541 1557 Mavortia
1583 1495 1816 1575 plebes,
2170 1510 2284 1563 345

282 1579 510 1640 Moesta
552 1580 714 1641 ducis
759 1580 955 1658 furiis,
999 1597 1111 1641 nec
1155 1581 1298 1641 belli
1344 1583 1545 1642 territa
1589 1581 1759 1658 fama,

280 1698 367 1712 —-
407 1662 650 1737 Quando
693 1665 782 1726 his
818 1665 1112 1744 vulgatum
1158 1666 1524 1727 descendere
1565 1666 1786 1726 viribus
1829 1667 2058 1745 Arg-os,
2106 1701 2195 1715 -—-·

284 1748 525 1810 Tardius
571 1749 673 1810 illa
715 1750 980 1831 quidem,
1019 1751 1181 1828 regis
1226 1769 1559 1831 causaeque
1602 1750 1849 1829 pudore,

280 1833 498 1894 Verum
537 1833 696 1897 bella
740 1844 955 1896 movet.
1046 1834 1206 1895 Nulli
1250 1835 1617 1913 destringere
1663 1835 1880 1896 ferrum

277 1920 547 1998 Inpetus,
594 1930 690 1981 aut
731 1920 1004 1981 humeros
1051 1919 1245 1999 clipeo
1291 1919 1572 1981 clausisse
1610 1929 1855 2000 paterno
2172 1932 2291 1987 350

281 2004 469 2064 Dulce
510 2022 621 2064 nec
671 2005 958 2084 alipedum
1002 2007 1136 2081 iuga
1179 2022 1450 2082 comere,
1488 2004 1683 2083 qualia
1723 2004 1866 2066 belli

287 2086 536 2157 Gaudia;
578 2088 791 2150 deiecti
832 2089 1091 2168 trepidas
1135 2089 1260 2149 sine
1304 2099 1534 2165 mente,
1583 2090 1705 2149 sine
1746 2091 1831 2149 ira

283 2172 612 2233 Promisere
654 2192 884 2243 manum
928 2174 1024 2234 hic
1066 2191 1247 2251 aeg-ra
1292 2174 1350 2233 in
1387 2183 1549 2250 sorte
1589 2184 1889 2252 parentem

280 2256 651 2336 Unanimum,
691 2258 788 2318 hic
833 2257 1037 2319 dulces
1077 2259 1409 2337 primaevae
1455 2258 1718 2336 coniugis
1763 2275 1942 2322 annos

279 2341 555 2419 Ingemit,
597 2351 655 2402 et
700 2343 923 2420 gremio
967 2342 1214 2403 miseros
1259 2359 1613 2404 accrescere
1647 2351 1834 2404 natos.
2168 2354 2285 2410 355

277 2425 542 2486 Bellator
584 2427 724 2488 nulli
768 2427 945 2488 caluit
988 2427 1161 2496 deus:
1200 2428 1330 2508 ipsa
1372 2436 1603 2488 vetusto

280 2509 511 2571 Moenia
554 2511 709 2573 lassa
745 2514 857 2573 situ
891 2530 1254 2591 magnaeque
1294 2511 1639 2592 Amphionis
1678 2530 1847 2573 arces
2504 2517 2510 2618 1

278 2594 398 2656 Iam
437 2595 656 2656 fessum
686 2599 852 2658 senio
890 2597 1100 2658 nudant
1137 2597 1320 2675 latus,
1370 2606 1432 2656 et
1475 2591 1590 2658 lide
1629 2616 1797 2658 sacra¹
2172 2617 2177 2620 ⁴

282 2678 587 2758 Aequatos
632 2681 838 2757 coelo,
881 2682 1114 2742 surdum
1155 2691 1332 2761 atque
1371 2682 1667 2759 ignobile,
1712 2700 1908 2743 muros

282 2762 497 2825 Firmat
546 2783 713 2844 opus.
803 2766 1019 2826 Tamen
1055 2774 1113 2826 et
1154 2765 1396 2827 Boeotis
1438 2765 1680 2826 urbibus
1720 2767 1894 2827 ultrix
2175 2777 2298 2835 360
2504 2711 2510 2928 ⁸

280 2848 558 2928 Adspirat
597 2850 738 2910 ferri
778 2850 1008 2927 rabies,
1046 2868 1160 2910 nec
1204 2852 1364 2929 regis
1406 2852 1591 2932 ,iniqui

281 2932 586 3012 Subsidio,
635 2943 904 3015 quantum
948 2936 1112 2996 socia
1157 2954 1266 3015 pro
1302 2945 1478 3014 gente
1523 2946 1844 2997 moventur.

397 3018 507 3079 Ille
547 3019 712 3080 velut
748 3020 985 3098 pecoris
1030 3019 1199 3100 lupus
1246 3029 1616 3100 expugnator
1659 3023 1854 3101 opimi,

278 3102 527 3165 Pectora
563 3104 781 3165 tabenti
825 3103 987 3164 sanie
1029 3106 1225 3183 gravis
1269 3104 1531 3184 hirtaque
1574 3107 1718 3166 setis

282 3186 397 3249 Ora
436 3197 733 3249 cruentata
778 3188 1056 3249 deformis
1091 3189 1303 3251 hiantia
1339 3190 1491 3264 lana,
2173 3198 2286 3257 365

280 3272 545 3332 Βθοθᾱίι’
571 3264 852 3351 stabulis,
898 3273 1011 3334 huc
1048 3274 1191 3334 illuc
1232 3274 1457 3335 turbida
1500 3292 1744 3335 versans

280 3355 547 3434 Lumina,
606 3359 656 3418 si
700 3358 825 3418 duri
869 3366 1167 3437 comperta
1211 3358 1381 3419 clade
1424 3360 1740 3439 sequantur
