2517 3909
909 149 1309 201 mammos
1346 152 1485 201 mn.
1521 153 1617 203 Ν.
2178 147 2259 207 77

263 304 673 385 Parrhasiique
709 305 924 383 duces,
973 316 1033 368 et
1075 325 1227 386 quae
1268 308 1511 387 risistis‚
1549 308 1821 387 Amores,

264 390 443 453 Grata
485 389 834 471 pharetrato.
861 390 1154 454 Nonacria
1195 412 1331 455 rura
1374 393 1642 472 Tonanti,

260 474 449 536 Dives
492 484 552 536 et
594 474 993 538 Orchomenon
1034 494 1316 556 pecorum
1356 487 1417 539 et
1455 476 1760 555 Cynosura
1796 478 2069 543 ferarum.
2157 490 2261 547 295

261 560 557 638 Aegytios
590 561 744 622 idem
785 562 961 623 ardor
1003 579 1182 640 agros
1227 572 1286 623 et
1328 562 1620 644 Psophida
1658 563 1878 626 celsam

260 644 472 706 Vastat
514 655 574 706 et
609 644 905 708 Herculeo
941 646 1209 724 vulgatos
1250 646 1470 708 robore
1512 657 1740 709 montes

256 728 812 810 Monstriferumque
851 730 1245 807 Erymanthon
1287 741 1344 793 et
1387 734 1716 796 aerisonum
1758 733 2157 814 Stymphalon.

388 813 653 876 Arcades
697 816 790 884 hi;
835 834 984 894 gens
1027 835 1140 880 una
1180 818 1355 895 viris,
1399 818 1508 879 sed
1551 818 1785 880 dissona
1837 818 1994 881 cultu

263 899 590 970 Scinditur;
637 900 695 961 hi
734 899 984 980 Paphias
1022 910 1244 977 myrtos
1285 919 1319 962 a
1365 903 1546 983 stirpe
1581 911 1895 965 recurvant
2155 915 2259 972 300

255 982 339 1046 Et
381 983 661 1064 pastorali
701 986 1047 1046 meditantur
1086 987 1316 1066 proelia
1360 995 1590 1065 tranen,

257 1068 366 1131 His
409 1087 612 1145 arcus,
655 1069 744 1130 his
779 1070 900 1131 tela
945 1070 1155 1149 sudes,
1200 1071 1291 1131 his
1334 1072 1561 1134 cassida
1606 1073 1801 1134 crines

257 1153 505 1231 Integit;
550 1152 787 1217 Arcadii
823 1171 1050 1218 morem
1087 1164 1251 1217 tenet
1295 1157 1397 1218 ille
1438 1157 1659 1236 galeri:

258 1238 373 1300 Ille
415 1237 743 1314 Lycaoniae
781 1241 931 1301 rictu
976 1249 1150 1320 caput
1192 1251 1430 1321 asperat
1473 1260 1666 1303 ursae.

390 1320 513 1383 Hos
555 1321 700 1385 belli
737 1334 944 1385 coetus
981 1326 1284 1405 iurataque
1330 1335 1579 1406 pectora
1617 1326 1787 1388 Marti
2152 1335 2256 1391 305

255 1406 445 1469 Milite
486 1408 714 1470 vicinae
754 1409 917 1471 nullo
961 1410 1164 1471 iuvere
1200 1410 1510 1487 Mycenae.

250 1491 565 1555 Funereae
608 1501 724 1554 tum
757 1511 1003 1574 namque
1045 1495 1231 1575 dapes
1267 1496 1559 1575 mediique
1597 1512 1871 1556 recursus

257 1576 455 1654 Solis,
498 1586 556 1637 et
597 1577 693 1639 hic
734 1578 831 1640 alii
873 1579 1198 1641 miscebant
1242 1580 1470 1660 proelia
1507 1580 1740 1641 fratres,

387 1661 626 1742 Iamque
665 1661 1042 1725 Atalantaeas
1075 1664 1326 1743 inplerat
1361 1666 1586 1726 nuntius
1629 1682 1803 1726 aures

255 1747 357 1809 Ire
398 1747 605 1808 ducem
644 1745 807 1808 hello
843 1756 1140 1828 totamque
1181 1749 1471 1829 inpellere
1508 1758 1700 1811 natum
2150 1759 2255 1814 310

255 1830 597 1900 Arcadiam
643 1840 933 1894 tremuere
976 1832 1224 1912 gradus,
1266 1834 1584 1914 elapsaque
1621 1835 1777 1895 iuxta

260 1915 440 1987 Tela;
486 1915 635 1994 fugit
676 1916 854 1978 silvas
897 1918 1194 1997 pernicior
1235 1918 1373 1980 alite
1414 1927 1591 1979 vento

260 2002 421 2063 Saxa
461 2018 577 2081 per.
608 2010 668 2063 et
707 2001 899 2082 plenis
937 2001 1226 2063 obstantia
1264 2003 1491 2064 flumina
1533 2004 1699 2083 ripis,

259 2085 471 2162 Qualis
510 2094 665 2163 erat,
712 2096 986 2166 correpta
1029 2088 1188 2148 sinus
1232 2096 1293 2148 et
1333 2090 1560 2149 vertice
1604 2088 1811 2151 flavum

259 2168 495 2231 Grinem
539 2188 743 2249 sparsa
782 2181 954 2242 noto;
999 2173 1181 2251 raptis
1222 2172 1385 2234 velut
1418 2189 1629 2253 aspera
1673 2176 1820 2237 natis
2151 2185 2254 2240 315

255 2254 629 2317 Praedatoris
674 2257 810 2335 equi
855 2258 1115 2337 sequitur
1153 2253 1406 2335 vestigia
1448 2258 1634 2335 tigris.

382 2338 460 2401 Ut
499 2341 660 2401 stetit
694 2340 1075 2422 adversisque
1116 2343 1343 2422 inpegit
1384 2350 1629 2422 pectora
1669 2342 1850 2404 frenis
1869 2389 1887 2421 ‚
1934 2376 2019 2391 --

257 2423 372 2485 Ille
410 2424 483 2485 ad
519 2424 748 2485 humum
787 2426 1017 2506 pallens
1056 2449 1175 2487 --:
1220 2426 1412 2487 ‘Unde
1456 2426 1605 2488 haec
1645 2428 1951 2490 furibunda
1994 2429 2231 2510 cupido,

253 2507 442 2586 Nate,
485 2506 633 2570 tibi?
673 2519 998 2590 teneroque
1036 2512 1191 2573 unde
1226 2510 1474 2591 inproba
1517 2520 1762 2590 pectore
1803 2511 2026 2575 virtus?

256 2592 349 2654 Tu
391 2592 564 2654 hellis
609 2604 810 2673 aptare
850 2594 1044 2672 viros,
1088 2605 1149 2656 tu
1190 2596 1455 2677 pondera
1493 2596 1652 2657 ferre
2151 2609 2258 2665 am

252 2677 459 2740 Martis
502 2687 561 2741 et
599 2680 888 2741 ensiferas
921 2681 1073 2741 inter
1108 2690 1284 2761 potes
1324 2682 1413 2741 ire
1457 2679 1773 2743 catervas?

261 2761 624 2842 Quamquam
665 2765 880 2825 utinam
922 2765 1111 2825 vires!
1154 2783 1343 2845 nuper
1386 2775 1445 2826 te
1488 2766 1704 2846 pallida
1747 2768 1884 2845 vidi,

257 2845 411 2907 Dum
450 2850 667 2928 premis
710 2848 933 2911 obnixo
964 2849 1250 2911 venabula
1295 2852 1556 2912 cominus
1600 2867 1767 2933 apro,

253 2931 491 3013 Poplite
536 2934 815 2995 succiduo
858 2935 1192 3014 resupinum
1233 2953 1304 2997 ac
1348 2953 1536 3017 paene
1579 2947 1861 3018 ruentem,

255 3013 339 3077 Et
380 3018 437 3077 ni
484 3027 722 3079 curvato
759 3020 1066 3097 torsissem
1107 3021 1334 3100 spicula
1376 3038 1579 3098 cornu,
1622 3056 1706 3070 —-
1871 3031 1877 3038 ’
2153 3030 2255 3084 325

256 3099 430 3162 Nunc
466 3101 565 3162 ubi
607 3102 763 3165 bella
803 3100 951 3166 tibi?
994 3103 1089 3165 Nil
1129 3114 1190 3165 te
1229 3124 1360 3168 mea
1403 3106 1523 3167 tela
1561 3106 1851 3181 iuvabunt,

253 3182 390 3247 Nec
425 3195 647 3249 teretes
687 3206 890 3265 arcus,
938 3189 1179 3250 maculis
1222 3205 1338 3251 nec
1380 3191 1640 3252 discolor
1672 3192 1811 3252 atris

257 3268 406 3348 Hic,
455 3272 547 3332 cui
592 3272 753 3350 fidis,
801 3292 1015 3353 equus;
1057 3276 1282 3352 magnis
1318 3276 1621 3336 conatibus
1663 3277 1866 3352 iustae,

255 3354 379 3415 Vix
417 3355 709 3433 Dryadum
750 3357 1015 3420 thalamis
1059 3357 1683 3439 Erymanthiadumque
1726 3361 1906 3421 furori

258 3437 655 3523 Nympharum
697 3453 919 3505 mature
962 3461 1128 3525 puer.
1219 3444 1364 3505 Sunt
1409 3445 1599 3507 omina
1633 3462 1794 3506 vera.
2153 3451 2260 3507 330
