2517 3909
790 152 1190 203 THEBAmos
1231 154 1372 201 Lm.
1416 153 1539 202 vn.
1705 169 1711 176 ·
2049 142 2165 201 155

185 312 423 392 Spicula
467 311 868 388 semianimes,
912 312 1248 390 gemituque
1290 311 1544 371 imitante
1584 310 1860 391 querelas

185 399 394 458 Saucia
428 397 658 457 dilectis
697 396 981 458 aeclinant
1025 405 1270 474 pectora
1311 396 1512 455 muris.

310 480 552 560 Templa
597 490 766 560 putes
803 480 1121 560 urbemque
1156 481 1285 558 rapi
1324 478 1665 559 facibusque
1709 479 1973 540 nefandis

184 566 458 626 Sidonios
503 566 709 626 ardere
746 565 935 637 lares,
983 567 1069 626 sic
1115 565 1336 625 clamor
1369 565 1588 643 apertis
2066 573 2173 629 600

181 649 459 711 Exoritur
494 651 701 718 muris:
748 650 984 710 mallent
1020 649 1303 710 cunabula
1346 650 1536 727 magni
1634 686 1642 694 ·

182 734 453 795 Herculis
494 744 591 795 aut
626 735 893 794 Semeles
935 734 1241 795 thalamum
1288 743 1384 794 aut
1425 731 1728 812 penetrale
1770 733 1963 793 ruisse

181 817 548 880 Harmonies.
640 817 843 880 Cultor
884 819 1218 880 Bacchaeus
1262 817 1530 879 Acontea
1572 817 1843 894 Phegeus

181 902 299 964 Iam
342 921 587 964 vacuum
632 904 765 964 telis
805 905 1156 982 geminoque
1196 905 1256 963 in
1301 904 1578 980 sang-uine
1621 911 1889 962 ovantem

184 987 461 1049 Cominus
504 1005 646 1049 ense
687 990 863 1067 petit:
906 987 1151 1048 subeunt
1191 987 1467 1065 Tegeaea
1508 990 1773 1047 iuventus
2066 994 2171 1051 605

184 1072 424 1133 Auxilio
468 1074 646 1142 tardi;
682 1074 793 1134 iam
831 1090 1007 1152 snpra
1052 1090 1220 1133 sacra
1256 1072 1512 1133 ferarum

195 1157 465 1236 Corpora
506 1160 786 1218 moerenti
830 1158 1054 1217 iuvenis
1094 1158 1246 1217 iacet
1288 1157 1430 1217 ultio
1474 1156 1730 1217 Baccho.

313 1241 613 1321 Rumpitur
653 1250 712 1302 et
755 1240 983 1303 Graium
1030 1241 1218 1301 subito
1264 1259 1375 1320 per
1418 1250 1607 1301 castra
1649 1239 1890 1302 tumultu

186 1325 534 1400 Consilium3
578 1326 722 1404 fugit
760 1335 1036 1386 externos
1077 1324 1308 1386 Iocasta
1349 1344 1457 1404 per
1499 1325 1702 1387 hostes

181 1410 301 1472 Iam
348 1427 462 1471 non
499 1429 638 1471 ausa
681 1429 925 1490 preces;
971 1420 1133 1471 natas
1175 1412 1475 1490 ipsamque
1509 1409 1806 1489 repellunt
2070 1415 2176 1471 610

185 1495 299 1571 Qui
341 1496 515 1557 modo
550 1504 664 1555 tam
698 1497 902 1572 mites,
949 1505 1007 1556 et
1048 1513 1337 1574 praeceps
1378 1504 1646 1573 tempore
1684 1493 1919 1570 Tydeus

183 1580 395 1642 Utitur.
483 1579 610 1639 ‘Ite
655 1598 799 1658 age,
845 1598 994 1639 nunc
1040 1597 1246 1658 pacem
1292 1588 1527 1657 sperate
1570 1579 1893 1659 fidemque,

181 1664 354 1725 Nunc
394 1664 600 1724 saltem
647 1664 881 1725 differre
922 1663 1121 1740 nefas,
1170 1665 1430 1742 potuitne
1474 1664 1718 1740 morari,

182 1750 336 1811 Dum
359 1750 646 1827 ·genetrix
686 1749 918 1810 dimissa
952 1745 1179 1808 redit?'
1230 1749 1330 1807 Sic
1371 1748 1521 1807 fatus
1556 1757 1764 1825 aperto

186 1833 347 1895 Ense
392 1841 568 1894 vocat
609 1834 835 1901 socios;
882 1850 1095 1893 saevus
1138 1834 1246 1892 iam
1288 1832 1535 1907 clamor,
1582 1840 1640 1891 et
1681 1834 1804 1892 irae
2071 1838 2176 1893 615

185 1917 337 1978 Hinc
381 1927 554 1998 atque
597 1918 730 1978 inde
773 1917 995 1987 calent;
1040 1918 1199 1978 nullo
1244 1919 1402 1976 venit
1444 1915 1646 1976 ordine
1689 1914 1943 1989 bellum,

186 2002 550 2083 Confusique
594 2002 774 2063 duces
817 2003 1034 2079 vulgo,
1082 2012 1139 2062 et
1176 2001 1453 2078 neglecta
1496 2009 1797 2078 regentum

186 2087 472 2168 Imperia,
517 2106 627 2149 una
670 2088 896 2165 equites
939 2088 1097 2148 mixti
1139 2087 1514 2165 peditumque
1554 2094 1826 2146 catervae

186 2170 264 2232 Et
304 2172 491 2250 rapidi
532 2190 767 2241 currus;
810 2173 1019 2251 premit
1060 2172 1345 2249 indigesta
1386 2178 1625 2230 ruentes

189 2255 409 2336 Copia,
450 2274 561 2316 nec
598 2274 735 2316 sese
777 2266 947 2317 vacat
984 2265 1314 2332 ostentare,
1353 2273 1466 2315 nec
1502 2255 1731 2315 hostem
2074 2261 2181 2314 620

188 2340 477 2401 Noscere.
565 2342 665 2402 Sic
705 2340 911 2401 subitis
952 2340 1228 2402 Thebana
1272 2340 1610 2419 Argivaque
1659 2338 1848 2419 pubes

197 2424 533 2486 Conflixere
576 2424 806 2504 globis;
852 2435 1013 2486 retro
1055 2425 1308 2501 vexilla,
1363 2425 1656 2503 tubaeque

190 2510 330 2570 Post
375 2518 602 2588 tergum
643 2518 700 2569 et
737 2510 858 2570 litui
902 2510 1118 2571 bellum
1159 2511 1438 2570 invenere
1483 2509 1689 2569 secuti.

192 2593 410 2654 Tantus
449 2594 522 2656 ab
562 2596 776 2672 exiguo
824 2596 1115 2655 crudescit
1156 2597 1436 2672 sang-uine
1473 2591 1737 2655 Mavors!

192 2678 419 2739 Ventus
461 2680 542 2740 uti
579 2680 793 2758 primas
837 2682 1003 2740 struit
1044 2681 1194 2739 inter
1235 2679 1432 2739 nubila
1470 2680 1628 2739 vires
2078 2681 2181 2737 625

191 2760 367 2823 Lenis
410 2764 597 2825 adhuc
639 2763 997 2843 frondesque
1045 2773 1104 2824 et
1145 2773 1349 2844 aperta
1384 2764 1676 2825 cacumina
1715 2767 1947 2840 gestat,

192 2846 334 2908 Mox
373 2849 561 2928 rapuit
598 2866 800 2908 nemus
846 2858 905 2909 et
943 2858 1172 2909 montes
1214 2849 1498 2927 patefecit
1541 2862 1781 2926 opacos.

321 2930 487 2992 Nunc
524 2951 670 3010 age,
715 2933 974 3010 Pieriae,
1020 2966 1104 2979 —-·
1136 2950 1253 2993 non
1298 2950 1407 2992 vos
1441 2933 1791 3010 longinqua,
1839 2944 2099 3002 sorores,

201 3014 570 3078 Consulimus
611 3050 696 3062 —-
732 3025 962 3078 vestras
1006 3019 1166 3078 acies
1202 3026 1574 3096 vestramque
1616 3017 1839 3076 referte

193 3100 475 3170 Aoniam;
519 3102 743 3163 vidistis
784 3103 966 3177 enim,
1011 3101 1143 3162 dum
1189 3100 1379 3162 Marte
1423 3103 1750 3181 propinquo
2082 3104 2188 3160 630

192 3185 448 3246 Horrent
490 3185 826 3262 Tyrrhenos
868 3185 1172 3247 Heliconia
1213 3185 1441 3264 plectra
1481 3185 1774 3247 tumultus.

321 3270 620 3332 Sidonium
662 3269 934 3331 Pterelan
979 3271 1218 3349 sonipes
1259 3269 1558 3332 malefidus
1600 3271 1661 3329 in
1697 3268 1871 3330 armis

194 3354 577 3433 Rumpentem
617 3355 816 3415 frenos
854 3353 1086 3416 diversa
1124 3371 1234 3435 per
1276 3356 1502 3432 agmina
1544 3362 1735 3431 raptat

191 3438 309 3502 Iam
350 3439 531 3501 liber:
578 3440 666 3501 sic
707 3439 869 3502 fessa
903 3457 1138 3519 manus,
1178 3441 1339 3501 venit
1374 3439 1541 3501 hasta
1587 3455 1695 3517 per
1730 3453 1923 3497 armos
