2517 3909
362 157 488 221 262
1031 170 1095 218 P.
1134 170 1400 219 upum
1442 170 1674 219 s‘rA‘rn

364 325 703 404 Antigone?
745 324 882 386 mihi
921 343 1131 405 nempe
1171 327 1368 403 iaces,
1409 322 1544 386 mihi
1585 326 1776 387 victus
1817 345 1882 388 es
1931 329 2045 391 uni.

362 411 678 487 Dicebam,
724 429 840 491 quo
881 411 1069 471 tendis
1105 407 1260 472 iter?
1306 410 1439 489 qnid
1482 420 1718 490 sceptra
1755 422 1963 490 negata

362 493 609 559 Poscis?
652 495 835 556 habes
877 494 1106 573 Argos,
1154 498 1349 555 soceri
1382 497 1657 574 regnabis
1699 497 1756 556 in
1792 497 1950 565 aulaz

361 581 472 643 Hic
516 580 619 642 tibi
663 580 871 658 longus
913 580 1133 656 honos,
1176 579 1274 640 hic
1313 581 1555 641 indivisa
1598 590 1907 660 potestne..
2257 593 2357 648 335

366 666 519 741 Quid
562 661 818 744 queror?
857 666 989 743 ipsa
1030 664 1164 725 dedi
1202 664 1419 725 bellum
1456 676 1856 745 moestumque
1897 668 2101 744 rogavi
2198 731 2208 739 ‚

362 751 501 831 Ipsa
544 760 798 830 patrem,
844 759 907 810 ut
938 749 1114 809 talem
1155 766 1307 809 nunc
1340 759 1401 821 te
1437 750 1746 829 complexa
1780 759 2060 811 tenerem.

367 836 488 897 Sed
532 835 684 895 bene
728 832 924 910 habet,
968 835 1199 913 superi,
1244 842 1469 911 gratum
1513 843 1625 910 est,
1665 833 1946 904 Fon-tunm
1989 845 2234 915 peracta
2272 848 2357 898 est

367 922 521 1000 Spes
556 919 869 998 longinqua
912 919 1072 979 viae:
1115 927 1272 978 totos
1314 919 1631 978 invenimus
1671 928 1848 979 artus.

363 1005 474 1067 Hei
517 1005 681 1080 mihi,
721 1004 827 1064 sed
872 1011 1084 1081 quanto
1127 1003 1429 1063 descendit
1466 1003 1675 1063 vulnus
1714 1003 1902 1064 hiatu!
2256 1015 2355 1071 340

370 1091 500 1150 Hoc
543 1084 768 1149 frater?
811 1105 924 1165 qua
964 1097 1163 1167 parte,
1206 1105 1457 1167 precor,
1502 1089 1653 1148 iacet
1695 1088 1798 1148 ille
1840 1089 2125 1151 nefandus

366 1170 724 1236 Praedator?
767 1172 990 1231 vincam
1024 1173 1334 1248 volucres,
1372 1174 1449 1232 sit
1484 1172 1646 1232 adire
1688 1182 1972 1252 potestas,

366 1258 806 1337 Excludamque
846 1256 1035 1325 feras;
1083 1272 1156 1316 an
1199 1255 1376 1317 habet
1409 1257 1671 1317 funestus
1712 1267 1771 1317 et
1813 1257 2025 1335 ignes?

367 1343 487 1405 Sed
529 1360 640 1403 nec
683 1351 743 1401 te
788 1341 1028 1401 flammis
1059 1343 1295 1420 inopem
1331 1349 1428 1401 tua
1462 1349 1621 1401 terra
1660 1342 1910 1402 videbit:

369 1425 622 1487 Ardebis
656 1425 1039 1504 lacrimasque
1077 1425 1269 1501 feres,
1303 1442 1448 1504 quas
1484 1425 1644 1486 ferre
1679 1436 1950 1504 neg-atum
2258 1437 2355 1492 345

366 1510 668 1589 Regibus,
710 1519 1122 1589 aeternumque
1165 1519 1266 1570 tuo
1309 1510 1580 1570 famulata
1624 1511 1901 1588 sepuicro

366 1595 610 1656 Durabit
653 1592 888 1655 deserta
930 1593 1109 1671 fides,
1155 1596 1439 1673 testisque
1478 1593 1743 1654 dolorum

364 1679 546 1741 Natus
591 1679 733 1754 erit,
770 1695 1070 1758 parvoque
1107 1687 1295 1738 torum
1333 1678 1610 1754 Polynice
1649 1677 1916 1739 fovebo?

494 1763 656 1825 Ecce
697 1763 843 1824 alios
888 1765 1137 1841 gemitus
1175 1763 1461 1842 aliamque
1502 1763 1573 1823 ad
1618 1763 1785 1823 busta
1821 1764 2052 1826 ferebat

365 1850 660 1926 Antigone
702 1848 1024 1909 miseranda
1058 1848 1282 1924 facem,
1325 1846 1426 1907 vix
1465 1857 1632 1908 nacta
1676 1850 1892 1926 petitos
2250 1860 2357 1914 350

363 1932 670 1995 Moenibus
709 1951 1017 2010 egressus:
1060 1932 1218 1993 illam
1258 1949 1388 1992 nam
1430 1941 1698 2011 tempore
1733 1935 1789 1993 in
1830 1935 1983 1994 omni

365 2020 684 2079 Attendunt
721 2017 933 2095 vigiles
977 2026 1037 2077 et
1077 2036 1185 2077 rex
1224 2015 1385 2077 iubet
1426 2018 1556 2096 ipse
1594 2019 1805 2092 timeri,

369 2102 833 2181 Contractaeque
875 2103 1039 2161 vices
1084 2111 1146 2161 et
1185 2101 1452 2162 crebrior
1494 2102 1748 2162 excubat
1781 2104 1950 2180 ignis,

364 2188 527 2265 Ergo
561 2187 685 2247 deis
721 2186 1002 2264 fratrique
1036 2202 1229 2246 moras
1274 2195 1517 2246 excusat
1558 2195 1619 2246 et
1656 2205 1875 2263 amem,

366 2272 444 2334 Ut
485 2272 715 2352 paulum
757 2272 992 2331 inmisso
1040 2272 1218 2331 cessit
1257 2271 1433 2330 statio
1476 2269 1709 2331 horrida
1748 2288 1972 2350 somno,
2261 2288 2358 2341 355

365 2356 629 2435 Erumpit
662 2357 867 2425 muris;
907 2355 1136 2416 fremitu
1179 2371 1294 2433 quo
1334 2355 1560 2415 territat
1603 2372 1781 2433 agros

366 2440 622 2518 Virginis
658 2441 743 2500 ira
778 2439 909 2501 leae
949 2440 1178 2515 rabies,
1225 2439 1319 2499 cui
1362 2438 1548 2499 libera
1584 2441 1812 2501 tandem

312 2534 322 2545 ’
365 2524 445 2587 Et
481 2527 695 2604 primus
736 2525 860 2584 sine
896 2523 1085 2585 'matre
1123 2523 1319 2592 furor;
1363 2542 1475 2583 nec
1518 2523 1694 2601 longa
1728 2534 1946 2586 morata
1988 2537 2101 2606 est,

369 2608 602 2688 Quippe
642 2618 864 2669 trucem
899 2614 1163 2687 campum
1205 2617 1265 2681 et
1307 2610 1531 2686 positus
1577 2626 1691 2687 quo
1730 2610 1974 2688 pulvere
2015 2612 2218 2692 frater,

366 2693 656 2763 Noverat;
701 2703 876 2773 atque
917 2693 1074 2754 illam
1118 2702 1319 2753 contra
1361 2692 1520 2753 videt
1564 2696 1650 2753 ire
1693 2692 2020 2773 Menoete8‚
2254 2709 2351 2765 360

373 2777 480 2839 Cui
521 2786 719 2854 vacat,
767 2787 825 2837 et
865 2796 1040 2838 carae
1084 2778 1331 2855 gemitus
1375 2778 1698 2857 compescit
1738 2778 2020 2841 alumnae.

496 2860 681 2935 Quum
724 2871 914 2923 tamen
953 2872 1185 2923 erectas
1230 2871 1525 2922 extremus
1566 2863 1805 2940 virginis
1847 2881 2019 2925 aures

368 2946 644 3008 Accessit
684 2941 1113 3026 sonuS‚'utque
1158 2955 1282 3007 atra
1324 2945 1430 3007 sub
1470 2956 1639 3006 veste
1684 2950 1982 3027 comisque

369 3032 744 3111 Squalentem
781 3040 842 3091 et
883 3048 1085 3091 crasso
1128 3031 1440 3091 foedatam·
1464 3032 1743 3108 sanguine
1776 3034 1972 3094 vultus

370 3116 676 3177 Astrorum
714 3115 888 3177 radiis
934 3124 993 3175 et
1030 3124 1273 3194 utraque
1315 3133 1349 3176 a
1389 3115 1653 3195 lampade
1694 3116 1864 3176 vidit:
2250 3131 2343 3188 365

372 3198 609 3277 ‘Cuius‚
652 3202 759 3276 ait,
798 3217 1031 3275 mana,
1073 3208 1171 3259 aut
1217 3218 1392 3278 quem
1429 3202 1739 3260 temeraria
1780 3206 2014 3280 quaeris

368 3283 561 3343 Nocte
601 3281 809 3344 mea?'
895 3282 1051 3343 Nihil
1093 3283 1191 3344 illa
1234 3284 1363 3359 diu,
1407 3285 1513 3345 sed
1548 3286 1606 3345 in
1650 3302 1752 3345 ora
1795 3290 1979 3348 mariti

370 3365 565 3427 Deicit
602 3369 775 3446 inque
812 3384 951 3427 suos
1001 3369 1220 3447 pariter
1265 3367 1548 3430 velamina
1582 3369 1796 3446 vuitus,

375 3444 558 3527 Capta
591 3459 745 3510 metu
785 3450 976 3513 subito
1015 3451 1364 3532 paulumque
1407 3453 1587 3516 oblita
1628 3454 1871 3516 doloris.
