2517 3909
795 147 1194 197 Tflssssuoos
1237 148 1376 197 Lm.
1418 149 1510 198 1v.
2063 140 2138 203 81

155 299 421 360 Velleris
466 298 703 362 obscuri
745 303 1007 381 pecudes
1048 313 1421 384 armentaque
1468 305 1592 365 sisti
1812 324 1817 332 ·
2041 314 2143 372 4³5

153 384 305 446 Atra
346 392 577 462 monet,
624 403 1023 467 quaecumque
1061 407 1305 466 gregum
1341 389 1728 470 pulcherrima
1765 392 1965 454 cervix

153 467 431 539 Ducitur;
474 469 752 547 ingemuit
783 469 960 534 Dirce
1002 483 1379 552 moestusque
1426 470 1755 551 Cithaeron,

154 552 232 614 Et
272 571 425 614 nova
469 553 764 616 clamosae
800 565 1076 636 stupuere
1117 559 1345 620 silentia
1389 558 1594 620 valles.

282 637 425 699 Tum
464 639 591 700 fera
634 640 925 704 caeruleis
967 643 1170 703 intexit
1214 660 1431 706 cornua
1469 645 1644 704 sertis

153 721 296 802 Ipse
338 741 506 784 manu
547 731 833 799 tractans,
878 735 1168 806 notaeque
1210 729 1277 787 in-
1307 728 1501 788 limine
1543 727 1726 794 silvae
2041 738 2144 792 450

152 806 447 886 Principio
491 808 690 885 largos
732 808 944 870 novies'
983 811 1196 872 tellure
1241 820 1444 874 cavata

149 890 400 953 Inclinat
438 892 654 954 Bacchi
694 892 901 956 latices
945 904 1009 956 et
1045 914 1283 958 munera
1325 895 1489 958 verni

148 975 348 1038 Laetis
389 985 448 1037 et
489 975 748 1038 Actaeos
788 977 1004 1042 imbres
1038 980 1392 1060 suadumque
1432 994 1701 1041 cruorem

150 1058 446 1130 Manibu83
492 1063 821 1140 aggeritur,
866 1073 1134 1142 quantum
1169 1066 1315 1126 bibit
1351 1064 1510 1126 arida
1544 1063 1741 1126 tellus.

284 1144 509 1206 Trunca
531 1146 739 1207 debinc
763 1166 1000 1210 nemora
1023 1149 1299 1227 advolvit,
1325 1157 1699 1226 moestusque
1722 1148 2001 1214 sacerdos
2037 1157 2142 1212 455

148 1228 304 1291 Tres
340 1229 598 1292 Hecatae
635 1232 992 1312 totidemque
1031 1236 1169 1295 satis
1203 1234 1540 1296 Acheronte
1582 1231 1839 1293 nefasto.

150 1314 489 1392 Virginibus
532 1314 691 1376 iubet
734 1335 871 1378 esse
910 1317 1114 1388 focos;
1161 1319 1298 1396 tibi,
1344 1327 1541 1378 rector
1581 1315 1822 1394 Averni,

152 1397 511 1479 Quamquam
551 1400 805 1462 infossus
847 1401 1050 1479 humo,
1101 1412 1341 1483 superat
1382 1412 1572 1463 tamen
1608 1418 1793 1479 agger
1829 1403 1884 1462 in
1927 1420 2096 1464 auras

148 1483 395 1553 Pineus3
437 1484 590 1544 hunc
631 1487 788 1548 iuxta
830 1487 1059 1547 cumulo
1098 1488 1285 1548 minor
1322 1505 1421 1548 ara
1464 1485 1787 1566 profundae

148 1566 410 1646 Erigitur
447 1565 678 1640 Cereri;
725 1570 964 1632 frondes
1010 1580 1183 1650 atque
1223 1589 1393 1633 omne
1430 1588 1743 1650 cupressus
2035 1578 2142 1634 460

148 1651 365 1713 Intexit
402 1651 630 1733 plorata
667 1654 834 1715 latus.
913 1655 1148 1734 Iamque
1191 1656 1368 1717 ardua
1411 1655 1571 1715 ferro

150 1737 378 1814 Signati
421 1738 646 1817 capita,
689 1746 750 1799 et
790 1740 1017 1817 frugum
1051 1739 1320 1803 libamine
1362 1756 1510 1818 puro

149 1820 220 1883 In
262 1820 470 1884 vulnus
511 1823 783 1886 cecidere
827 1843 1077 1902 greges;
1121 1834 1256 1884 tunc
1297 1822 1506 1883 innuba
1547 1820 1739 1882 Manto

146 1903 475 1986 Exceptum
515 1908 733 1986 pateris
774 1908 1061 1987 praelibat
1100 1909 1473 1986 sanguinem,
1519 1915 1577 1966 et
1612 1923 1812 1970 omnes

148 1989 270 2051 Ter
311 1991 525 2053 circum
562 2000 690 2053 acta
732 2010 909 2071 pyras
952 1995 1137 2055 sancti
1176 1994 1251 2056 de
1295 2010 1457 2052 more
1500 1990 1757 2069 parentis
2031 1998 2132 2054 465

147 2073 496 2136 Semineces
538 2075 712 2137 fibras
754 2085 813 2137 et
850 2076 1036 2138 adhuc
1079 2078 1354 2156 spirantia
1393 2075 1584 2136 reddit

145 2159 434 2236 Viscera,
471 2178 585 2220 nee
625 2161 857 2241 rapidas
893 2170 1193 2226 cunctatur
1229 2160 1532 2222 frondibus
1574 2158 1713 2221 atris

146 2243 497 2305 Subiectare
537 2243 721 2307 faces.
797 2244 994 2326 Atque
1035 2247 1164 2327 ipse
1210 2246 1472 2308 sonantia
1515 2242 1754 2305 flammis

142 2326 415 2406 virgulta
457 2337 518 2389 et
558 2330 757 2390 tristes
799 2333 1101 2410 crepuisse
1136 2340 1198 2391 ut
1239 2331 1422 2392 sensit
1460 2344 1708 2391 acervos

146 2412 441 2490 Tiresias,
485 2447 570 2460 —
616 2412 698 2474 illi
733 2432 861 2476 nam
898 2416 1175 2495 plurimus
1215 2415 1389 2478 ardor
1432 2412 1666 2476 anhelat
2032 2416 2137 2472 470

141 2498 301 2559 Ante
337 2513 557 2576 genas,
600 2498 901 2578 inpletque
939 2518 1118 2562 cavos
1160 2518 1348 2580 vapor
1390 2501 1596 2576 igneus
1634 2494 1812 2558 orbes
1852 2529 1935 2541 —-

139 2581 451 2646 Exclamat
493 2617 579 2628 --
619 2591 910 2647 tremuere
953 2585 1118 2662 rogi,
1162 2593 1221 2644 et
1259 2602 1378 2645 vox
1421 2582 1627 2662 inpulit
1666 2581 1861 2660 ignem
1904 2602 2014 2638 --:

277 2665 630 2732 ‘Tartareae
673 2669 848 2731 sedes
884 2678 942 2729 et
977 2668 1340 2730 formidabile
1381 2685 1624 2745 regnum

140 2749 351 2812 Mortis
387 2750 756 2832 inexpletae,
801 2762 1010 2833 tuque,
1056 2770 1095 2812 o
1138 2754 1479 2816 saevissime
1523 2752 1779 2830 fratrum,

146 2833 260 2897 Cui
307 2836 535 2897 servire
579 2837 695 2899 dati
736 2837 937 2898 Manes
980 2847 1333 2918 aeternaque
1373 2846 1599 2898 sontum
2031 2844 2134 2899 475

143 2920 451 3001 Supplicia
496 2931 670 3001 atque
715 2923 811 2986 imi
855 2922 1156 2984 famulatur
1194 2924 1359 3000 regia
1400 2920 1613 2997 mundi,

143 3005 374 3067 Solvite
417 3006 667 3086 pulsanti
709 3006 844 3070 loca
884 3015 1036 3070 muta
1080 3017 1138 3068 et
1176 3008 1343 3068 inane
1387 3022 1635 3067 severae

142 3088 190 3151 P
261 3089 592 3172 sephones,
634 3091 961 3171 vulgusque
1006 3111 1148 3154 cava
1192 3091 1298 3152 sub
1343 3097 1519 3153 nocte'
1553 3097 1850 3170 repostum

141 3107 395 3252 Efficite,
445 3185 505 3235 et
545 3177 720 3256 plena
761 3178 965 3239 redeat
1010 3178 1194 3255 Styga
1234 3179 1483 3256 portitor
1526 3174 1679 3236 alno.

140 3256 322 3320 Ferte
364 3260 534 3328 simul
575 3278 851 3338 gressus,
890 3280 1003 3322 nec
1045 3262 1293 3341 simplex
1334 3259 1598 3322 Manibus
1643 3266 1772 3325 esto
2028 3265 2133 3320 480

141 3340 210 3403 In
249 3341 444 3405 lucem
477 3363 742 3408 remeare
777 3346 1009 3415 modus;
1054 3356 1113 3408 tu
1150 3365 1363 3426 separe
1410 3354 1581 3407 coetu

140 3424 414 3506 Elysios,
461 3430 710 3511 Persea,
752 3433 916 3513 pios,
958 3431 1237 3513 virgaque
1273 3432 1496 3514 potenti

228 3532 501 3579 smnus
546 3534 616 3576 11.
1768 3510 1807 3572 6
