2517 3909
744 535 937 649 ‘³1P·
1007 526 1390 623 ΡΑΡΙΝΙ
1452 438 1885 622 ΞΤΑΤῙῘ.
2302 612 2307 619 ,
2422 94 2430 469 ἱ

493 694 996 809 THE
1102 707 1196 807 B
1305 702 1779 807 AID
1884 690 2163 807 os
2426 618 2431 863 1

977 894 1667 972 LIBERXI.

332 1214 414 1329 Ρ
418 1275 681 1347 ostquam
717 1269 1109 1347 magnanimus
1148 1266 1333 1329 furias
1373 1268 1599 1335 virtutis
1642 1267 1875 1345 iniquae

334 1350 706 1432 consumpsit
737 1351 1080 1433 Capaneus,
1119 1352 1531 1434 'expiravitque
1573 1361 1876 1430 receptum

331 1436 609 1515 Fulmen,
655 1447 714 1499 et
749 1438 823 1500 ad
857 1448 1047 1499 terras
1088 1437 1268 1516 longe
1302 1440 1572 1499 comitata
1610 1436 1912 1499 cadentem

331 1522 597 1599 signavit
638 1539 834 1583 muros
869 1523 1094 1584 ultricis
1134 1525 1338 1584 semita
1383 1523 1677 1591 flammae;

334 1604 645 1685 componit
686 1607 890 1668 dextra
927 1608 1118 1669 vietor
1160 1622 1446 1668 concussa
1489 1606 1792 1686 plagarum
2287 1611 2316 1665 5

329 1690 593 1771 Iuppiter
628 1701 689 1752 et
718 1692 881 1757 vultu
925 1694 1273 1772 eoelumque
1315 1688 1583 1771 diemque
1620 1691 1866 1752 reducit.

333 1775 637 1838 Gratantur
679 1779 910 1857 superi,
945 1774 1240 1856 Phlegrae
1276 1794 1386 1838 oeu
1428 1776 1622 1837 fessus
1667 1774 1902 1836 anhelet

330 1860 565 1923 Proelia
601 1871 658 1922 et
697 1860 1351 1925 Enceladofumantem
1386 1861 1736 1942 inpresserit
1774 1858 2038 1918 Aetnam.

330 1943 448 2007 Ille
485 1947 638 2008 iaeet
674 1944 908 2008 lacerae
951 1946 1294 2026 complexus
1337 1947 1616 2025 frag-mina
1658 1945 1851 2017 turris,

333 2029 563 2092 Torvus
600 2030 790 2092 adhuc
827 2032 988 2108 visu,
1031 2031 1518 2110 memorandaque
1551 2030 1707 2090 faeta
1748 2028 2086 2106 relinquens
2254 2039 2317 2092 lo

335 2114 614 2176 Gentibus
656 2125 833 2195 atque
875 2117 989 2195 ipsi
1026 2134 1145 2179 non
1186 2116 1478 2177 inlaudata
1522 2114 1784 2177 Tonanti.

463 2199 722 2274 Quantus
764 2200 1118 2280 Apollineae
1158 2209 1478 2261 temerator
1523 2200 1720 2260 mat-ris
1761 2198 2000 2258 Averno

337 2283 655 2355 Tenditnn·
678 2286 845 2366 ipsae
884 2284 1154 2362 horrent,
1200 2287 1250 2345 si
1290 2285 1520 2364 qnando
1565 2293 1812 2364 pectore
1854 2282 1931 2343 ab
1972 2282 2096 2343 alto

331 2367 651 2447 Emergunt
690 2370 966 2431 volueres
1004 2371 1380 2450 inmensaque
1427 2368 1682 2431 membra
1711 2369 1954 2429 iacentis

332 2453 645 2533 Spectant,
692 2454 824 2515 dum
866 2455 1115 2516 miserae
1159 2464 1430 2516 creseunt
1471 2456 1537 2515 in·
1566 2453 1785 2534 pabula
1828 2450 2047 2513 fibrae:
2260 2458 2318 2514 15

334 2539 436 2599 Sio
478 2546 683 2616 gravat
711 2540 969 2600 ’iniectus
1006 2548 1196 2601 terras
1240 2539 1591 2619 hostiliaque
1634 2540 1749 2599 urit

332 2621 493 2683 A'rva
535 2633 594 2684 et
629 2623 996 2687 anhelantem
1028 2625 1288 2685 coelesti
1328 2623 1551 2684 sulfure
1595 2636 1873 2705 eampum.

333 2706 645 2786 Respirant
686 2708 960 2787 Thebae,
1003 2710 1352 2789 templisque
1393 2709 1640 2771 iubentia
1683 2713 1937 2784 surg-unt·

333 2791 609 2870 Agmina3
652 2794 782 2855 iam‘
805 2794 933 2853 finis
976 2796 1130 2854 votis
1174 2794 1424 2872 finisque
1454 2793 1743 2873 supremis

334 2875 701 2955 Planotibus‚
739 2885 800 2939 et
836 2886 1003 2939 natos
1039 2895 1218 2939 ausae
1256 2878 1558 2957 deponere
1600 2886 1834 2937 matres.
2261 2883 2324 2936 2⁰

463 2961 543 3023 At
583 2980 734 3040 vaga
779 2962 1044 3049 palantes
1085 2979 1293 3042 campo
1328 2963 1467 3042 fuga
1508 2961 1694 3022 volvit
1733 2960 2013 3021 Achivos.
2088 3000 2103 3007 -
2140 3032 2157 3051 .

335 3043 465 3106 Nec
502 3048 613 3108 iam
653 3045 901 3108 hostiles
941 3056 1195 3125 turmae,
1238 3055 1335 3108 aut
1373 3047 1591 3108 ferrum
1632 3046 1876 3105 mortale
1920 3046 2185 3105 timetur:

338 3129 613 3192 Omnibus
658 3140 791 3193 ante
828 3130 1035 3194 oculos
1078 3134 1204 3194 irae
1234 3130 1428 3208 Iovis,
1478 3130 1740 3191 omnibus
1780 3129 1986 3190 ardent

337 3214 514 3276 Arma
556 3220 711 3276 metu
743 3217 1070 3295 galeaeque
1112 3224 1347 3292 tonant,
1393 3217 1670 3295 visasque
1712 3221 1998 3295 paventes

336 3295 477 3376 Ipse
517 3301 685 3379 sequi
728 3309 790 3361 et
827 3300 1095 3380 profugis
1143 3316 1451 3379 opponere
1491 3299 1756 3383 Iuppiter
1798 3299 1990 3377 ignes.
2260 3304 2321 3358 25

336 3378 517 3443 Instat
552 3382 903 3461 Agenoreus
943 3385 1112 3444 miles
1156 3383 1429 3464 coelique
1471 3384 1710 3445 tumultu
1884 3402 1891 3413 ·
