2517 3909
192 192 279 257 26
884 192 948 248 Ρ.
986 190 1265 247 PAPINII
1301 190 1544 246 STATII

191 336 411 402 Tende
457 337 747 402 animum
789 337 1061 423 vigilem
1105 336 1579 421 fecundumque
1626 336 1804 422 erige
1849 339 2093 421 pectus.

190 424 366 491 Nam
412 425 576 491 mihi
624 427 768 511 quis
814 430 1041 492 vatum
1087 425 1303 491 dubiis
1348 427 1417 491 in
1464 425 1720 492 casibus
1770 424 1944 490 adsit

191 514 358 580 Fata
402 515 621 581 videre
666 515 845 598 prior
854 513 914 580 ?'
1007 512 1260 580 Subicit
1305 515 1570 602 gavisus
1616 513 1869 579 Ulixes:
2125 528 2236 580 545

193 602 325 669 ‘Sic
372 604 527 669 deus
575 604 991 687 omnipotens
1035 604 1278 687 firmet,
1325 604 1419 669 sic
1464 603 1710 668 adnuat
1751 602 1871 668 illa

191 691 402 778 Virgo
446 696 724 777 paterna
765 693 920 758 tibi!
1016 691 1143 758 Sed
1187 714 1294 757 me
1341 714 1491 777 spes
1534 691 1786 757 lubrica
1821 692 2077 757 tardat:

192 780 449 847 Grande
496 781 796 865 equidem
843 784 1169 847 armatum
1215 781 1449 846 castris
1494 781 1796 846 inducere
1839 779 2201 864 Achillem3

195 868 323 935 Sed
369 870 428 934 si
471 869 614 936 fata
657 874 929 956 negent,
975 890 1173 955 quam
1217 870 1481 935 foedum
1528 891 1604 935 ac
1647 870 1839 935 triste
1883 869 2152 935 reverti!

188 957 368 1024 Vota
411 961 634 1023 tamen
678 959 985 1024 Danaum
1027 981 1162 1024 non
1206 959 1603 1042 intemptata
1647 957 2032 1042 relinquam.
2126 972 2239 1024 550

189 1046 459 1133 Iamque
506 1047 668 1113 adeo
715 1051 829 1113 aut
873 1047 1082 1113 aderit
1125 1069 1382 1113 mecum
1427 1046 1685 1112 Peleius
1730 1046 1953 1131 heros,

192 1138 331 1202 Aut
373 1158 601 1201 verum
645 1136 906 1221 penitus
951 1136 1117 1201 latet
1163 1140 1230 1201 et
1278 1137 1419 1202 sine
1464 1135 1770 1221 Apolline
1817 1133 2141 1201 Calchas?

360 1223 1017 1291 ConclamantDanai
1036 1225 1462 1309 stimulatque
1475 1225 1882 1311 Agamemno
1903 1224 2239 1290 volentes:

190 1313 524 1379 Laxantur
566 1318 790 1379 coetus
835 1313 1255 1400 resolutaque
1300 1335 1627 1378 murmure
1671 1314 1846 1378 laeto

194 1401 486 1489 Agmina
530 1402 888 1468 discedunt.
978 1402 1218 1479 Quales
1265 1404 1398 1468 iam
1442 1405 1636 1468 nocte
1680 1401 2052 1486 propinqua
2127 1415 2239 1466 555

193 1491 250 1556 Ε
296 1495 491 1575 pastu
534 1490 906 1556 referuntur
951 1513 1127 1575 aves,
1176 1491 1282 1556 vel
1327 1492 1398 1556 in
1444 1493 1634 1556 antra
1678 1490 1918 1555 reverti

191 1578 390 1645 Melle
434 1601 605 1645 novo
654 1580 959 1667 gravidas
1007 1580 1189 1645 mitis
1235 1580 1416 1645 videt
1460 1578 1682 1663 Hybla
1727 1583 2043 1644 catervas.

190 1668 333 1736 Nec
377 1691 587 1754 mora,
634 1669 766 1734 iam
813 1669 1073 1734 dextras
1120 1668 1447 1734 Ithacesia
1491 1668 1800 1733 carbasus
1848 1688 2040 1732 auras

190 1756 440 1842 Poscit,
487 1763 553 1822 et
597 1757 667 1823 in
711 1759 907 1823 remis
952 1757 1178 1823 hilaris
1226 1757 1448 1822 sedere
1492 1757 1808 1822 iuventus.

375 1808 468 1912 A't
508 1847 735 1931 procul
780 1848 1103 1912 occultum
1148 1846 1302 1911 falsi
1347 1846 1468 1910 sub
1515 1845 1803 1931 imagine
1850 1865 2041 1910 sexus
2127 1859 2241 1910 560

192 1934 524 2001 Aeaciden
566 1936 744 2001 furto
790 1936 923 2001 iam
967 1938 1241 2001 noverat
1285 1956 1418 1999 una
1461 1934 1694 2000 latenti

191 2023 535 2090 Deidamia
578 2025 819 2109 virum3
867 2024 981 2088 sed
1030 2027 1299 2109 opertae
1347 2022 1607 2088 conscia
1653 2022 1882 2106 culpae

194 2111 442 2180 Cuncta
486 2116 686 2197 pavet
729 2113 1096 2197 tacitasque
1140 2115 1333 2195 putat
1377 2111 1615 2178 sentire
1662 2131 1937 2176 sorores.

190 2201 493 2286 Namque
538 2204 615 2267 ut
659 2201 953 2286 virgineo
1002 2202 1190 2266 stetit
1233 2201 1304 2265 in
1351 2220 1550 2287 grege
1595 2199 1795 2264 durus
1841 2197 2166 2264 Achilles

189 2289 619 2374 Exsolvitque
663 2290 892 2355 rudem
938 2290 1237 2374 genetrix
1283 2288 1579 2374 digressa
1621 2287 1964 2372 pudorem,
2129 2301 2241 2354 565

190 2378 499 2445 Protinus
546 2379 750 2464 elegit
795 2379 1127 2463 comitem,
1172 2398 1568 2463 quamquam
1612 2376 1824 2441 omnis
1868 2376 1942 2442 in
1986 2376 2183 2440 illum

333 2573 386 2611 v.
390 2559 530 2610 553.
560 2553 963 2609 Priscianus
994 2552 1076 2608 VI
1102 2557 1239 2620 291)
1200 2568 1256 2620 p.
1278 2556 1380 2605 221
1396 2550 1492 2606 Η..
1535 2549 1829 2605 ‘Statius
1864 2549 1925 2605 in
1952 2548 2242 2605 IAchil·

191 2625 442 2681 leidos.
493 2624 864 2681 Conclamant
906 2623 1089 2680 Danai
1137 2621 1507 2691 stimulatque
1542 2621 1894 2691 Agamemno
1933 2620 2238 2678 volentes?

292 2772 398 2822 543
431 2766 849 2836 facundumque
869 2771 914 2820 G
941 2779 1312 2832 securumque
1332 2769 1359 2816 t
1388 2765 1398 2831 Ι
1531 2764 1593 2817 to
1619 2767 1661 2814 P
1683 2778 1776 2831 pr.
1804 2778 1894 2830 m„
1923 2777 2023 2818 see.
2053 2777 2205 2817 corr.
2222 2762 2246 2834 ΙΙ

192 2844 297 2895 544
331 2835 465 2894 Non
499 2837 642 2893 mihi
671 2844 712 2890 P
744 2839 754 2908 Ι
785 2837 933 2894 ausit
958 2842 1005 2890 Δ
1032 2834 1186 2890 adsit
1219 2850 1358 2889 corr.
1440 2833 1738 2888 chr-adorus
1781 2804 1947 2887 addit
1980 2850 2013 2899 p
2059 2832 2247 2889 audet

193 2915 238 2964 G
262 2911 283 2980 ΙΙ
309 2914 414 2966 548
452 2909 675 2965 Grande
713 2910 974 2979 equidem
1014 2905 1126 2973 αἰ)
1164 2904 1389 2959 Grande
1414 2903 1737 2973 mequidem
1762 2908 1805 2956 P
1842 2903 2068 2958 Grande
2107 2904 2244 2972 qui-

193 2981 324 3036 dem
356 2985 495 3034 tue
538 2982 559 3049 ΙΙ
603 2986 707 3036 551
746 2982 849 3037 aut
882 2997 984 3036 om.
1023 2984 1064 3030 P
1103 2978 1125 3045 u
1165 2980 1270 3030 553
1306 2974 1543 3029 DauiiP
1590 2977 1600 3042 Ι
1653 2974 1952 3029 stimulant
1985 2975 2244 3045 Agame-

192 3069 403 3107 mnona
436 3051 586 3107 velle
622 3058 666 3106 G
692 3054 713 3122 ΙΙ
739 3056 843 3108 555
880 3049 1076 3117 Qualis
1112 3053 1153 3099 P
1179 3047 1202 3115 ΙΙ
1227 3050 1332 3100 556
1370 3061 1502 3100 aves
1538 3043 1704 3110 ΡΨ»
1741 3050 1817 3098 tr.
1852 3044 2014 3102 Laid.
2036 3061 2226 3114 poam

190 3124 272 3178 sic
316 3122 657 3179 Schraderus
685 3123 950 3178 Menkius
989 3119 1251 3174 Weberus
1286 3131 1422 3185 apes
1447 3118 1634 3168 Potin
1669 3114 1829 3171 Leia.
1864 3116 1961 3171 alt.
1989 3133 2062 3171 m.
2103 3133 2248 3173 oves

191 3195 566 3250 Bada-cneius
591 3196 612 3266 ss
637 3199 742 3250 557
781 3193 1035 3264 gravitas
1063 3195 1104 3241 P
1130 3189 1151 3257 ΙΙ
1179 3193 1284 3242 558
1319 3202 1507 3242 versus
1542 3186 1684 3240 deest
1718 3187 1784 3240 in
1820 3187 1890 3256 tu
1919 3190 2023 3241 559
2062 3187 2128 3242 in
2152 3204 2248 3243 re-

192 3281 316 3319 mos
345 3265 616 3321 Heinsius
647 3265 656 3336 Ι
687 3266 898 3321 hilares
934 3265 1054 3316 PPc
1080 3262 1102 3331 ss
1129 3264 1235 3315 560
1290 3256 1380 3312 Ad
1414 3263 1455 3309 P
1491 3256 1660 3311 Haud
1697 3261 1741 3309 G
1764 3257 1789 3325 fl
1814 3261 1917 3312 561
1957 3260 2250 3314 noverant

191 3341 233 3388 P
273 3340 281 3404 Ι
323 3335 525 3392 latenti
570 3342 690 3390 PPc
735 3335 895 3391 Leid.
952 3333 1172 3387 latente
1230 3328 1596 3396 Wakefieldue
1640 3326 1915 3382 latentem
1966 3327 2106 3382 0²1
2155 3329 2249 3385 la-

190 3406 368 3462 tranti
403 3409 473 3477 (?)
511 3415 537 3461 t
578 3410 599 3478 n
644 3413 748 3463 564
802 3406 862 3460 111
910 3420 1086 3475 grege
1131 3405 1305 3455 Alm
1340 3397 1565 3469 agmine
1610 3398 1730 3454 edd.
1782 3397 1954 3454 durus
2018 3404 2250 3468 PPepG

190 3494 364 3548 maro.
404 3477 586 3534 clarus
623 3478 788 3531 e2t11
816 3476 974 3532 Leia.
1005 3481 1049 3528 1>
