2517 3909
187 195 229 258 6
935 194 995 248 P.
1034 193 1312 249 PAPINH
1349 193 1593 249 s'rA'rn

183 341 446 428 longius
500 341 808 422 tractum,
865 339 1184 424 quaedam
1240 343 1307 404 et
1360 339 1430 404 in
1484 339 1759 425 singulis
1821 339 2045 404 diebus
2090 341 2320 425 effusa3

186 450 579 516 quamquam
638 429 837 494 timeo
882 450 967 492 ne
1013 450 1240 493 uerum
1286 428 1455 493 istuc
1499 450 1725 492 uersus
1771 449 2027 514 quoque
2072 429 2198 513 ipsi
2243 430 2320 495 de
2343 450 2415 499 20

186 541 254 584 se
298 518 594 603 probent.
682 517 930 619 primus
976 517 1232 582 libellus
1290 520 1775 582 sacrosanctum
1819 516 2020 582 habet
2063 519 2321 584 testem:

191 607 572 672 sumendum
619 607 792 671 enim
838 605 1044 671 erat‘
1058 628 1098 670 a
1141 605 1297 671 Ioue
1342 604 1782 690 principium'.
1872 609 2158 671 ceterum
2200 607 2321 673 hos

183 718 437 782 uersuS‚
504 717 666 781 quos
719 695 792 759 in
857 716 1093 779 equum
1148 695 1502 760 maximum
1556 695 1706 780 feci,
1759 694 2344 780 indulgentissimo

182 786 558 870 imperatori
620 788 882 869 postero
947 784 1049 849 die
1114 806 1311 869 quam
1373 784 1782 849 dedicauerat
1845 805 2006 868 opus
2069 785 2323 849 tradere

183 874 397 939 iussus
437 896 599 939 sum.
676 872 980 958 ‘potuisti
1016 872 1210 938 illud'
1250 873 1422 938 dicet
1458 873 1690 959 aliquis
1729 872 1827 936 ‘et
1854 876 2007 937 ante
2034 872 2305 938 uidisse'
2310 923 2325 938 .
2345 891 2413 940 25
2505 863 2506 870 ἵ

183 962 605 1048 respondebis
668 962 764 1026 illi
827 965 928 1047 tu,
995 961 1198 1027 Stella
1262 962 1591 1027 carissime
1606 1012 1623 1047 ,
1686 962 1799 1047 qui
1861 961 2325 1046 epithalamion

182 1056 386 1136 tuum,
422 1052 598 1136 quod
622 1050 787 1115 mihi
812 1050 1204 1137 iniunxeras,
1240 1051 1369 1116 scis
1397 1051 1595 1116 biduo
1622 1051 1956 1134 scriptum.
2022 1050 2327 1115 audacher

183 1141 566 1225 mehercles;
614 1139 725 1205 sed
762 1142 983 1205 tamen
1020 1141 1280 1205 tantum
1314 1161 1442 1208 non
1477 1138 1634 1206 000
1662 1140 2071 1205 hexametros
2108 1140 2325 1204 habet.

185 1234 255 1295 at
298 1229 577 1295 fortasse
622 1233 697 1294 tu
740 1251 860 1312 pro
908 1229 1158 1315 collega
1201 1228 1554 1294 mentieris.
1636 1228 1945 1294 Manilius
1993 1233 2166 1294 certe
2193 1227 2324 1293 Uo-

181 1320 417 1404 piscus,
460 1319 564 1383 uir
609 1318 1080 1383 eruditissimus
1128 1321 1194 1382 et
1238 1319 1349 1402 qui
1384 1318 1729 1402 praecipue
1774 1318 2063 1383 uindicat
2109 1339 2148 1381 a
2193 1318 2324 1382 situ
2344 1335 2415 1385 30

181 1408 431 1473 litteras
486 1407 618 1471 iam
673 1428 878 1491 paene
922 1406 1270 1493 fugienteS‚
1317 1408 1485 1472 solet
1528 1407 1701 1471 ultro
1749 1429 2004 1492 quoque
2060 1407 2324 1471 nomine

182 1519 327 1562 meo
401 1496 696 1583 gloriari,
779 1495 1004 1560 uillam
1078 1494 1495 1560 Tiburtinam
1570 1518 1754 1560 suam
1827 1495 2214 1580 descriptam
2289 1517 2328 1559 a

182 1586 374 1651 nobis
421 1607 551 1649 uno
600 1584 720 1649 die.
814 1586 1104 1670 sequitur
1149 1585 1403 1649 libellus
1449 1583 1697 1649 Rutilio
1727 1583 1978 1650 Gallico
2025 1582 2327 1649 conuale-

184 1675 390 1741 scenti
448 1673 779 1739 dedicatus
786 1724 804 1758 ‚
863 1673 941 1737 de
997 1696 1125 1759 quo
1182 1673 1347 1738 nihil
1402 1674 1573 1758 dico,
1626 1695 1710 1737 ne
1763 1672 1986 1738 uidear
2040 1672 2330 1737 defuncti

182 1765 368 1829 testis
408 1763 748 1830 occasione
793 1763 1074 1828 mentiri.
1146 1784 1302 1826 nam
1330 1760 1560 1827 Claudi
1586 1761 1851 1827 Etrusci
1877 1762 2328 1827 testimonium
2347 1778 2415 1828 35

184 1856 309 1937 est,
369 1853 481 1938 qui
534 1851 909 1916 balneolum
965 1874 1005 1916 a
1058 1873 1162 1916 me
1220 1874 1408 1916 suum
1461 1852 1639 1916 intra
1693 1873 1944 1917 moram
1991 1871 2186 1915 cenae
2230 1870 2328 1915 re-

185 1943 374 2027 cepit.
465 1941 537 2005 in
590 1941 718 2005 fine
775 1943 930 2005 sunt
981 1939 1315 2005 Kalendae
1359 1938 1766 2025 DecembreS,
1826 1940 2060 2025 quibus
2106 1940 2329 2023 utique

185 2030 495 2096 creditur:
540 2033 801 2094 noctem
847 2030 1021 2094 enim
1066 2029 1248 2093 illam
1294 2028 1735 2093 felicissimam
1781 2033 1848 2093 et
1878 2028 2327 2112 uoluptatibus

185 2120 464 2204 publicis
507 2119 912 2202 inexpertam
957 2118 1274 2187 celebrant.
1317 2118 1476 2182 wale.

1231 2329 1282 2396 Ι.

649 2470 839 2538 EQUS
876 2470 1221 2526 MAXIMUS
1259 2470 1658 2525 DOMITIANI
1692 2470 1843 2525 IMP.

187 2581 366 2658 Quae
413 2582 915 2667 superimposito
961 2582 1164 2645 moles
1211 2577 1543 2666 geminata
1589 2581 1840 2645 colosso

189 2671 336 2736 Stat
379 2668 639 2736 Latium
687 2672 1019 2762 complexa
1064 2669 1322 2735 forum?
1369 2670 1633 2735 caelone
1678 2670 2013 2753 peractum

331 2975 400 3025 20
439 2985 783 3041 quamquam
828 2968 1004 3024 timeo
1049 2969 1252 3037 scripsi
1258 2989 1276 3022 .·
1322 2985 1497 3038 quam
1531 2968 1705 3023 timeo
1743 2972 1791 3019 A
1826 2965 2086 3038 quamuis
2121 2965 2331 3021 mimeo

191 3049 226 3095 c
252 3044 272 3111 ΙΙ
299 3048 368 3097 25
404 3042 590 3097 iussus
626 3040 751 3096 sum
787 3044 851 3096 ς·
889 3039 1106 3095 iussum
1134 3046 1179 3092 c
1215 3059 1250 3093 a.
1276 3041 1394 3166 'kl-¹}
1423 3040 1522 3095 sed
1547 3041 1772 3095 tantum
1796 3040 1990 3093 tamen
2017 3039 2332 3092 exametros

192 3119 227 3165 c
263 3131 313 3182 a,
351 3114 569 3169 correxi
606 3155 620 3168 .
658 3112 759 3167 sed
800 3113 994 3167 tamen
1039 3111 1283 3167 GCLXX
1428 3111 1553 3165 hex.
1599 3111 1761 3165 Dom.
1808 3111 1829 3179 ΙΙ
1876 3114 1944 3163 29
1983 3110 2047 3162 at
2079 3108 2334 3162 Bernar-

190 3186 331 3239 m‘us:
369 3185 428 3239 et
462 3190 498 3237 c
517 3203 552 3237 a.
582 3185 591 3251 1
621 3184 866 3239 Manlius
900 3189 939 3235 c
958 3202 1007 3251 a,
1046 3199 1184 3238 corr.
1224 3183 1694 3238 Friedlaenderus
1718 3184 1738 3252 ΙΙ
1765 3187 1833 3235 33
1872 3179 2090 3236 Gallico
2127 3194 2335 3234 conua-

191 3254 428 3311 lescenti
460 3255 760 3311 Heinsius.-
806 3254 1025 3311 Gallico
1063 3257 1152 3310 est
1185 3252 1405 3309 ualenti
1440 3259 1476 3306 c
1513 3252 1731 3309 Gallico
1767 3250 1984 3307 ualenti
2021 3269 2056 3303 a
2080 3251 2100 3319 ΙΙ
2136 3255 2206 3304 39
2246 3266 2336 3304 ce-

191 3327 430 3382 lebrant.
450 3327 580 3383 uale
603 3327 826 3382 addidi:
847 3343 948 3382 om.
971 3333 1006 3379 c
1025 3345 1084 3395 ας
1243 3341 1275 3380 o
1294 3325 1508 3380 habent
1526 3324 1757 3380 additur
1766 3327 1897 3392 post
1913 3320 2301 3402 felicissimam

332 3399 377 3455 Ι.
414 3398 605 3465 EQUS
642 3403 713 3453 A:
758 3398 952 3470 Equus
990 3404 1026 3451 0
1066 3401 1096 3466 Ι.
1070 3327 1264 3452 lug.
1302 3401 1374 3450 A:
1410 3396 1768 3466 imperatoris
1805 3400 1840 3446 c
1883 3395 1905 3464 ΙΙ
1952 3399 1980 3447 1
2028 3409 2195 3462 super
2228 3391 2337 3445 im-

189 3468 376 3539 posito
414 3475 450 3522 c
469 3489 503 3523 a
535 3473 542 3540 Ι
573 3470 859 3541 geminata
894 3489 952 3525 ο.-
989 3469 1296 3540 gemmata
1313 3472 1361 3519 A
1398 3472 1433 3518 c
