2517 3909
951 161 1326 219 smuARUM
1360 163 1423 218 L.
1460 164 1504 233 1,
1543 169 1590 218 1.
2309 165 2345 228 7

218 310 438 376 Fluxit
483 308 691 394 opus?
741 307 971 375 Siculis
1018 331 1103 373 an
1149 310 1557 377 conformata
1603 309 1872 374 caminis

215 400 487 486 Effigies
531 400 778 464 lassum
824 396 1158 482 Steropem
1201 397 1640 483 Brontemque
1685 399 1989 483 reliquit?

218 488 322 553 An
367 493 437 553 te
483 486 814 552 Palladiae
857 488 1074 571 talem,
1120 486 1529 570 Germanice,
1573 486 1761 551 nobis
2315 504 2346 554 5

216 578 543 643 Effinxere
590 597 841 659 manus,
888 576 1145 661 qualem
1191 576 1386 640 modo
1431 575 1620 640 frena
1662 579 1991 641 tenentem

214 666 484 731 Rhenus
531 668 599 729 et
644 664 906 730 attoniti
950 664 1116 729 uidit
1158 664 1389 729 domus
1435 665 1637 729 ardua
1679 663 1885 731 Daci?

212 753 403 820 Nunc
453 775 576 839 age
618 754 800 818 fama
843 754 1020 838 prior
1062 757 1291 819 notum
1336 774 1453 838 per
1498 754 1753 818 saecula
1795 773 2036 819 nomen

208 842 525 908 Dardanii
568 843 838 908 miretur
880 843 1045 927 equi,
1091 842 1194 907 cui
1239 844 1481 908 uertice
1527 863 1708 908 sacro

210 931 593 1016 Dindymon
637 935 704 997 et
748 931 951 996 caesis
998 931 1284 996 decreuit
1335 930 1675 997 frondibus
1720 930 1851 996 Ide.
2280 949 2349 998 10

207 1020 401 1086 Hunc
447 1041 659 1105 neque
705 1020 989 1085 discissis
1034 1020 1362 1104 cepissent
1404 1019 1724 1105 Pergama
1768 1020 2000 1105 muris3

207 1108 347 1174 Nec
394 1130 594 1195 grege
637 1109 958 1193 permixto
1002 1110 1187 1193 pueri
1231 1109 1669 1193 innuptaeque
1713 1110 1994 1195 puellae,

208 1197 355 1281 Ipse
402 1219 524 1263 nec
566 1197 825 1263 Aeneas
868 1218 987 1263 nec
1032 1217 1309 1282 magnus
1355 1197 1617 1263 duceret
1660 1197 1921 1264 Hector.

209 1286 397 1352 Adde
445 1287 618 1371 quod
663 1287 772 1351 ille
819 1307 1062 1352 nocens
1110 1306 1471 1371 saeuosque
1518 1287 1854 1369 amplexus
1898 1287 2215 1373 Achiuos,

208 1375 404 1440 Hunc
448 1376 626 1440 mitis
674 1375 1087 1440 commendat
1131 1396 1346 1461 eques.
1437 1375 1622 1440 iuuat
1667 1397 1783 1440 ora
1824 1377 1995 1441 tueri
2282 1393 2348 1441 15

209 1463 418 1528 Mixta
462 1466 635 1529 notis
681 1464 836 1530 belli
880 1464 1329 1548 placidamque
1375 1465 1665 1548 gerentia
1709 1485 1950 1548 pacem.

206 1551 344 1617 Nec
393 1553 564 1618 ueris
611 1554 860 1618 maiora
903 1557 1122 1637 putes:
1168 1574 1290 1637 par
1330 1553 1545 1618 forma
1589 1553 1921 1638 decorque,

205 1640 333 1705 Par
376 1641 604 1707 honor.
695 1664 774 1708 ex
818 1642 1023 1710 uastis
1068 1641 1349 1706 Martem
1393 1663 1531 1707 non
1575 1642 1769 1707 altius
1816 1643 2014 1706 armis

205 1728 543 1796 Bistonius
588 1734 809 1815 portat
855 1731 1115 1815 sonipes
1160 1751 1529 1816 magnoque
1577 1731 1870 1815 superbit

206 1817 502 1885 Pondere
545 1842 666 1884 nec
709 1819 898 1884 tardo
943 1823 1169 1903 raptus
1214 1841 1419 1904 prope
1461 1820 1732 1884 flumina
1766 1841 1955 1885 cursu
2278 1839 2346 1887 20

205 1906 445 1973 Fumat
491 1911 558 1972 et
601 1908 854 1994 ingenti
898 1908 1201 1992 propellit
1247 1907 1601 1994 Strymona
1645 1909 1823 1972 flatu.

206 1995 333 2061 Par
379 1997 562 2080 operi
607 1998 807 2063 sedes.
896 1996 1047 2061 hinc
1094 1998 1291 2062 obuia
1334 1998 1561 2062 limina
1603 1997 1848 2081 pandit,

208 2084 331 2160 Qui
376 2085 593 2150 fessus
638 2086 829 2151 bellis
876 2085 1158 2150 adscitae
1205 2108 1473 2151 munere
1511 2086 1722 2171 prolis

205 2171 464 2238 Primus
508 2174 634 2238 iter
678 2174 922 2239 nostris
970 2175 1255 2239 ostendit
1299 2177 1369 2240 in
1416 2175 1679 2240 aethera
1725 2175 1908 2241 diuis.

203 2260 496 2327 Discitur
541 2284 576 2328 e
620 2263 826 2347 uultu,
872 2267 1190 2347 quantum
1235 2268 1310 2328 tu
1355 2264 1575 2330 mitior
1621 2265 1846 2349 armiS,
2056 2286 2067 2297 ·
2278 2283 2345 2331 25

208 2349 331 2426 Qui
376 2372 498 2415 nec
540 2352 612 2415 in
657 2356 956 2417 externos
1002 2352 1211 2416 facilis
1257 2354 1505 2418 saeuire
1550 2352 1801 2419 furores

204 2438 337 2504 Das
387 2437 597 2505 Cattis
643 2439 968 2525 Dacisque
1017 2440 1228 2505 fidem.
1317 2446 1384 2506 te
1439 2442 1630 2527 signa
1672 2443 1919 2507 ferente

205 2527 293 2593 Et
335 2529 553 2594 minor
595 2530 666 2594 in
710 2531 887 2615 leges
932 2530 1059 2594 iret
1103 2551 1302 2615 gener
1347 2535 1413 2595 et
1458 2528 1621 2596 Cato
1666 2530 1864 2615 pacis.

206 2617 297 2681 At
340 2619 623 2683 laterum
666 2640 899 2703 passus
945 2618 1098 2684 hinc
1141 2618 1312 2684 Iulia
1354 2624 1527 2684 tecta
1570 2623 1856 2704 tuentur,

205 2705 393 2771 lllinc
439 2707 733 2792 belligeri
779 2707 1074 2772 sublimis
1119 2708 1303 2793 regia
1345 2708 1551 2774 Pauli.
2275 2728 2345 2776 30

206 2793 419 2881 Terga
463 2799 653 2879 pater
695 2795 1064 2881 blandoque
1108 2796 1289 2861 uidet
1333 2795 1696 2863 Concordia
1740 2800 1944 2865 uultu.

204 2882 350 2967 Ipse
399 2887 619 2949 autem
663 2907 827 2970 puro
875 2886 1116 2951 celsum
1163 2888 1360 2971 caput
1405 2909 1550 2952 aere
1599 2890 1860 2973 saeptus

343 3154 414 3203 10
463 3148 563 3202 Ide
609 3153 680 3202 A:
721 3147 857 3202 iden
904 3153 940 3200 c
976 3149 998 3218 ΙΙ
1034 3153 1099 3202 11
1141 3148 1408 3205 discussis
1448 3153 1628 3220 *51118
1667 3166 1736 3206 ex
1771 3151 1947 3207 uastis
1982 3152 2210 3222 scripsi:
2250 3167 2344 3207 ex-

205 3217 418 3274 haustis
466 3224 502 3271 c
529 3237 564 3271 a
607 3220 788 3274 exutis
834 3218 1106 3274 Heinsius
1139 3221 1161 3289 fl
1201 3225 1272 3274 20
1316 3236 1423 3276 nec
1467 3224 1630 3277 tanto
1670 3226 1867 3292 raptus
1902 3221 2248 3305 Geuartiusfl
2274 3229 2356 3294 23,

205 3290 452 3345 adscitae
491 3295 553 3344 3:
592 3291 854 3345 adsectae
893 3292 999 3360 (ita
1034 3291 1088 3357 a)
1125 3292 1215 3345 uel
1250 3291 1511 3348 adsertae
1549 3299 1584 3345 c
1619 3295 1640 3363 ΙΙ
1667 3299 1736 3348 25
1772 3293 2022 3347 Discitur
2056 3299 2128 3349 Δέ
2165 3294 2347 3348 Discit

205 3363 261 3416 et
293 3363 475 3431 61127
515 3360 696 3417 Cattis
735 3365 771 3416 ς
782 3382 798 3416 =
838 3360 1019 3431 captis
1057 3367 1145 3414 ca
1170 3364 1190 3431 ΙΙ
1217 3368 1288 3417 28
1325 3363 1479 3433 pacis
1514 3366 1716 3433 scripsi
1752 3365 1787 3418 1.
1817 3365 1851 3418 Ζ.
1871 3381 1934 3432 p.
1963 3369 2113 3420 252:
2151 3363 2346 3418 castris

206 3437 239 3483 c
256 3450 288 3486 a
319 3433 504 3489 iustas
542 3433 781 3488 Crucem
798 3435 1005 3488 ‘castus
1041 3432 1368 3489 Bursianus
