2517 3909
873 146 1217 204 EDITORIS
1254 148 1694 207 PRAEFATIO.
2298 168 2381 206 vu

215 298 377 363 lime
433 296 764 364 interdum
829 317 870 359 a
924 293 1241 362 Politiani
1309 315 1509 359 manu
1569 293 2044 362 discernendas.
2109 307 2213 360 ‘ex
2270 294 2374 363 his

222 387 441 452 musis
488 386 755 470 plenam
800 383 1170 452 collationis
1214 382 1392 449 illius
1435 383 1742 450 notitiam
1784 384 2188 468 reciperandi
2226 405 2375 470 spes

222 474 571 540 abicienda
626 476 791 557 erat,
838 473 951 538 sed
1006 471 1402 538 attendenda
1460 473 1737 540 maxime
1781 472 2095 541 Poliffiani
2140 495 2374 540 manus

222 565 319 647 ut,
364 562 521 647 quid
559 565 734 629 certo
771 566 999 647 posset
1034 561 1096 626 ei
1130 561 1433 645 adtribui,
1480 565 1827 630 constaret.
1898 562 2378 646 descripserunt

82 648 97 660 '
214 654 448 720 autem
504 652 644 718 eius
672 691 677 698 -
702 653 895 716 notas
953 661 1102 716 cum
1163 655 1360 718 antea
1419 651 1561 736 alii,
1628 654 1772 717 tum
1828 653 1900 717 in
1956 650 2045 716 Μ.
2102 649 2377 736 Hauptii

222 740 517 825 gratiam
550 740 631 806 A„
666 739 1101 825 Kiessh'ngius
1136 742 1203 808 et
1238 738 1729 806 U.Koeh1erus.
1791 762 2066 826 quorum
2104 740 2374 807 schedas

222 829 312 894 ab
359 827 655 913 Hauptio
702 831 1002 914 acceptas
1046 828 1130 893 H.
1175 827 1486 913 Nohlius,
1534 830 1646 915 qui
1691 828 1768 893 de
1815 829 1908 896 eis
1956 829 2259 894 disseruit
2304 831 2375 896 in

217 916 682 984 dissertatione
725 917 1098 1002 inaugurali
1153 916 1597 1004 ‘quaestiones
1645 916 2015 984 Statianae'
2060 918 2373 1003 inscripta

218 1010 292 1071 et
335 1005 637 1073 Berolini
675 1029 731 1072 a.
782 1007 950 1073 1871
1000 1007 1260 1089 emissa,
1314 1007 1473 1073 olim
1525 1007 1688 1072 mihi
1739 1005 2212 1090 commodauit;
2267 1008 2372 1073 de·

214 1097 503 1180 scriptas
549 1118 605 1162 a.
656 1096 828 1161 1872
872 1094 1122 1162 Romae
1156 1117 1427 1164 uei-sans
1471 1096 1709 1164 iterum
1752 1096 1858 1162 hic
1917 1095 2054 1161 illic
2110 1096 2376 1161 contuli.

215 1185 581 1269 optandum
626 1189 848 1249 tamen
892 1187 968 1249 ut
1010 1185 1238 1251 doctus
1286 1185 1518 1270 aliquis
1556 1183 2126 1250 Studemundianis
2168 1185 2371 1251 oculis

210 1273 549 1358 praeditus
607 1272 922 1340 Politiani
987 1278 1180 1340 notas
1241 1273 1452 1340 denuo
1514 1274 1855 1343 examinet.
1927 1274 2134 1339 ultro
2198 1275 2369 1339 enim

214 1362 387 1430 mihi
443 1363 725 1447 suspicio
786 1362 1026 1429 oborta
1090 1366 1217 1447 est,
1283 1363 1407 1430 etsi
1469 1385 1649 1447 raro,
1703 1367 1926 1432 tamen
1981 1362 2369 1446 aliquotiens

210 1473 395 1518 nunc
442 1451 703 1535 quidem
738 1472 858 1534 pro
902 1450 1348 1537 Sangallensis
1383 1452 1773 1517 lectionibus
1809 1450 2188 1536 accipienda
2225 1472 2365 1517 esse

209 1562 383 1625 quae
428 1541 697 1605 alterius
741 1540 918 1605 illius
962 1541 1088 1607 uiri
1133 1541 1310 1608 docti
1355 1544 1525 1606 sunt.

393 1629 564 1695 Eam
637 1631 859 1693 autem
926 1628 1290 1696 Politianus
1358 1630 1429 1695 in
1511 1629 1893 1696 excutiendo
1957 1628 2370 1715 Sangallensi

211 1717 513 1784 adhibuit
583 1717 994 1803 diligentiam
1066 1722 1141 1783 ut
1211 1722 1514 1786 accurate
1596 1740 1714 1804 pro
1778 1719 1907 1784 illis
1969 1719 2368 1803 temporibus

212 1810 517 1873 enotaret
561 1806 917 1891 scripturae
963 1806 1483 1892 discrepantiam.
1571 1812 1636 1872 et
1679 1809 2059 1893 plerumque
2108 1807 2368 1892 quidem

209 1896 433 1961 uarias
478 1896 787 1961 lectiones
842 1896 950 1961 uel
1003 1895 1176 1961 inter
1219 1897 1425 1964 lineas
1472 1898 1577 1962 uel
1622 1897 1694 1961 in
1730 1897 2024 1981 margine
2062 1895 2365 1961 editionis

212 1985 402 2050 nulla
455 1984 678 2050 addita
740 1985 907 2069 sigla
964 1985 1335 2070 adscripsit,
1398 1986 1591 2070 idque
1645 1983 1740 2052 ibi
1793 1984 2207 2069 potissimum
2252 1985 2397 2066 ubi

208 2074 359 2140 sola
401 2074 566 2139 uitia
607 2073 1080 2159 typographica
1126 2075 1231 2139 uel
1283 2073 1548 2140 leuioris
1593 2074 1909 2139 momenti
1955 2073 2364 2139 diuersitates

207 2161 503 2228 aderant.
614 2183 1088 2248 quamcumque
1165 2166 1388 2229 autem
1458 2162 1806 2229 lectionem
1845 2223 1852 2232 ,
1893 2163 1977 2228 ob
2072 2162 2359 2248 aliquam

211 2272 485 2317 causam
527 2250 1014 2316 memorabilem
1066 2252 1351 2336 putauit,
1406 2253 1467 2319 ei
1520 2255 1748 2317 notam
1803 2250 2049 2318 addidit
2103 2251 2243 2317 siue
2298 2272 2364 2317 co

207 2360 339 2424 μορ
401 2340 539 2406 siue
602 2350 632 2405 i
687 2340 759 2405 zi⁰
822 2361 951 2423 1²09
1003 2341 1142 2406 siue
1185 2342 1390 2423 antif
1445 2342 1557 2407 cod
1614 2341 1750 2406 siue
1811 2341 2007 2406 aliam
2069 2340 2363 2406 similem.

210 2429 455 2513 itaque
497 2431 575 2494 ut
643 2428 920 2494 dilucide
987 2432 1301 2513 appareat
1368 2429 1524 2515 quid
1589 2430 1818 2512 tacite,
1893 2429 2046 2515 quid
2107 2428 2362 2494 disertis

212 2517 434 2583 uerbis
483 2539 518 2582 e
546 2515 959 2602 sangallensi
1003 2521 1358 2585 enotatum
1390 2518 1494 2604 sit,
1535 2515 1598 2584 A
1642 2519 1773 2604 illa,
1818 2517 1977 2584 haec
2012 2514 2116 2583 A*
2164 2517 2364 2603 signi-

212 2605 427 2672 ficaui.
532 2609 870 2690 praeterea
925 2604 1289 2672 Politianus
1350 2606 1653 2673 editionis
1711 2629 1966 2692 quoque
2024 2605 2361 2674 Romanae

211 2716 274 2759 a.
315 2693 491 2760 1475
538 2716 579 2760 a
613 2694 907 2761 Domitio
945 2692 1291 2762 Calderino
1338 2700 1597 2762 curatae
1643 2694 1818 2761 haud
1863 2717 2013 2762 raro
2059 2695 2365 2780 excripsit

214 2783 606 2849 uarietatem
647 2783 1024 2870 praeposita
1066 2789 1227 2851 not‘a
1259 2784 1366 2851 Do
1374 2806 1398 2863 ;
1445 2806 1596 2851 suas
1632 2784 1829 2850 etiam
1875 2784 2362 2851 emendationes

212 2872 546 2937 interdum
605 2871 950 2939 admiscuit
1008 2872 1311 2958 adposita
1379 2873 1548 2959 sigla
1609 2883 1678 2939 θ’.
1768 2872 1882 2939 sed
1944 2873 2360 2959 quantumuis

211 2960 565 3046 diligenter
630 2961 704 3025 in
769 2960 1148 3028 uniuersum
1213 2963 1284 3027 in
1346 2961 1756 3047 Sangallensi
1828 2962 2216 3028 conferendo
2276 2962 2364 3027 sit

213 3053 516 3116 uersatus
563 3047 686 3136 (ita
721 3053 796 3115 ut
831 3071 948 3115 nec
985 3050 1295 3132 minutias
1331 3050 1871 3138 orthographicas
1906 3050 2103 3135 plane
2143 3072 2361 3154 asper-

212 3135 530 3225 naretur),
576 3138 854 3204 multum
899 3143 1121 3204 tamen
1166 3139 1354 3205 abest
1389 3141 1462 3204 ut
1509 3162 1584 3205 ea
1632 3160 1828 3225 quam
1872 3160 2046 3204 nunc
2092 3139 2359 3225 requiri-

210 3248 361 3291 mus
421 3227 832 3292 accuratione
891 3227 960 3292 id
1018 3228 1271 3294 fecerit.
1343 3227 1701 3314 aequabilis
1758 3227 1874 3292 illa
1934 3227 2232 3294 omnibus
2237 3250 2360 3314 que

210 3316 472 3381 intenta
508 3338 664 3382 cura
701 3315 1112 3382 desideratur.
1156 3339 1315 3383 nam
1350 3318 1427 3382 ut
1458 3317 1774 3382 nonnulla
1810 3316 1892 3380 ab
1930 3338 2005 3382 eo
2036 3317 2362 3402 adscripta

212 3404 347 3469 iam
402 3404 536 3490 legi
592 3407 948 3490 nequeant:
1004 3406 1246 3471 multae
1309 3405 1610 3471 editionis
1662 3404 1975 3489 principis
2028 3404 2359 3486 lectiones,

1709 3665 1754 3686 Ι
