2517 3909
268 150 348 212 30
935 164 999 210 P.
1042 161 1312 209 PAPINII
1367 160 1598 210 STATu

265 320 489 382 Saevus
525 327 585 378 et
625 317 854 380 intranti
890 317 1143 397 populo:
1184 318 1298 379 iam
1340 318 1504 395 nigra
1549 316 1802 378 tumebat

266 403 436 464 Colla
470 404 693 479 minax,
731 404 842 463 iam
885 421 1089 483 sparsa
1127 402 1259 463 solo
1307 402 1643 463 turbaverat
1685 420 1843 477 ossa,

264 487 336 548 Ni
380 487 523 549 deus
562 488 899 549 horrentem
942 486 1198 548 Lethaeo
1243 488 1451 547 vimine
1495 486 1756 546 mulcens
2193 496 2263 550 30

264 572 482 634 Ferrea
516 572 841 651 tergemino
884 571 1203 633 domuisset
1247 572 1457 632 lumina
1499 587 1721 632 somno.

390 655 497 717 Est
537 657 735 734 locus,
776 655 1047 718 Inachiae
1094 656 1360 717 dixerunt
1399 654 1660 717 Taenara
1705 665 1935 734 gentes,

264 742 393 818 Qua
432 741 794 804 formidatum
830 740 1058 804 Maleae
1096 742 1412 822 spumantis
1455 742 1511 801 in
1549 758 1717 802 auras

261 827 312 887 It
350 836 522 906 caput
565 836 623 887 et
663 826 855 887 nullos
891 826 1135 887 ‘admittit
1176 825 1422 887 culmine
1464 826 1644 885 visus·

262 914 388 973 Stat
430 909 687 972 sublimis
733 929 886 991 apex
924 920 1253 991 ventosque
1291 909 1624 989 imbresque
1670 928 1915 971 serenus
2189 920 2258 975 35

242 996 561 1075 Despicit,
607 1005 665 1056 et
707 1005 920 1055 tantum
960 996 1137 1056 fessis
1181 995 1442 1057 insiditur
1486 996 1677 1055 astris.

265 1080 417 1161 {Illic
459 1080 727 1141 exhausti
768 1098 1022 1160 posuere
1068 1080 1280 1141 cubilia
1321 1080 1501 1156 venti,

260 1164 730 1244 Fulminibusque
774 1166 886 1226 iter
921 1174 1039 1235 est;
1078 1165 1328 1226 medium
1373 1182 1516 1224 cava
1558 1162 1754 1224 nubila
1794 1166 2004 1225 montis

259 1250 629 1330 Insumpsere
669 1250 852 1325 latus,
890 1267 1140 1316 summos
1184 1268 1298 1311 nec
1343 1249 1641 1329 praepetis
1684 1248 1815 1308 alae

260 1334 503 1395 Plausus
546 1334 665 1398 adit
708 1333 932 1413 colleS‚
971 1351 1087 1401 'nec
1129 1352 1304 1398 rauca
1345 1334 1594 1395 tonitrua
1637 1332 1913 1411 pulsant-l
2190 1346 2261 1399 ,40

260 1419 373 1479 Ast
413 1419 511 1479 ubi
550 1429 735 1498 prona
776 1419 935 1497 dies,
982 1420 1194 1497 longos
1230 1437 1410 1499 super
1455 1434 1714 1497 aequora
1756 1418 1903 1478 fines

261 1503 459 1582 Exigit
495 1513 666 1584 atque
709 1506 917 1582 ingens
954 1506 1147 1568 medio
1185 1513 1342 1573 natat
1376 1501 1576 1572 umbra
1614 1502 1922 1581 profundo.

390 1588 676 1652 Interiore
718 1592 846 1652 sinu
882 1588 1208 1667 frangentia
1248 1589 1418 1652 litora
1462 1596 1662 1647 curvat

262 1672 593 1751 TaenaroS‚
639 1674 943 1753 expositos
984 1692 1101 1743 non
1141 1675 1330 1736 audax
1366 1671 1649 1734 scandere
1691 1672 1919 1734 fluctus.

258 1757 390 1819 Illic
431 1758 680 1836 Aegaeo
711 1758 1015 1838 Neptunus
1055 1759 1286 1837 gurgite
1330 1757 1527 1818 fessos
2185 1767 2253 1824 45

258 1842 325 1903 In
366 1852 595 1923 portum
637 1843 872 1906 deducit
918 1859 1135 1923 equos,
1184 1845 1346 1923 prior
1386 1841 1574 1902 haurit
1603 1859 1820 1925 *arenas

258 1927 521 2006 Ungula,
568 1930 847 2008 postremi
894 1929 1191 1990 solvuntur
1232 1929 1291 1989 in
1334 1943 1591 2006 aequora
1633 1927 1850 2005 pisces.

257 2012 419 2088 Hoc,
465 2022 525 2072 ut
564 2012 751 2089 fama,
792 2014 930 2074 loco
975 2013 1264 2093 pallentes
1306 2011 1510 2073 devius
1549 2009 1783 2072 umbras

261 2097 499 2158 Trames
545 2099 663 2175 agit
701 2099 965 2177 nigrique
1008 2097 1166 2158 lovis
1205 2114 1390 2160 vacua
1432 2097 1576 2158 atria
1601 2095 1760 2156 ditat

258 2181 577 2259 Mortibus,
623 2182 860 2246 Arcadii
904 2181 1212 2261 perhibent
1250 2183 1304 2244 si
1337 2199 1481 2244 vera
1526 2180 1743 2256 coloni,
2185 2192 2252 2244 50

258 2267 487 2327 Stridor
527 2265 606 2327 ibi
647 2275 707 2330 et
754 2268 1007 2344 gemitus
1054 2284 1408 2345 poenarum,
1451 2275 1697 2345 atroque
1737 2264 1975 2336 tumultu
2116 2283 2123 2288 ·

256 2351 476 2411 Fervet
511 2369 686 2429 ager,
731 2370 915 2432 saepe
956 2349 1335 2414 Eumenidum
1377 2368 1679 2429 vocesque
1722 2367 2038 2428 manusque

255 2436 324 2496 In
360 2437 609 2497 medium
643 2453 900 2497 sonuere
945 2436 1144 2515 diem.
1174 2435 1395 2515 letique
1435 2435 1734 2496 triformis*

258 2521 476 2581 Ianitor
518 2522 811 2599 agricolas
855 2523 1074 2601 campis
1118 2520 1344 2584 auditus
1386 2519 1603 2598 abegit.

382 2604 506 2666 Hac
547 2615 607 2667 et
650 2616 785 2668 tunc
824 2606 991 2667 fusca
1030 2605 1279 2668 volucer
1316 2605 1462 2670 deus
1503 2605 1727 2665 obsitus
1770 2604 1971 2676 umbra
2184 2616 2249 2672 56

254 2690 435 2751 Exilit
478 2689 550 2750 ad
594 2709 879 2771 superos,
921 2690 1264 2769 infernaque
1309 2689 1502 2750 nubila
1536 2689 1697 2750 vultu

255 2775 506 2836 Discutit
551 2784 612 2836 et
646 2776 797 2836 vivis
840 2773 1128 2838 afflatibus
1172 2792 1276 2835 ora
1320 2784 1572 2835 serenat.

253 2858 398 2923 Inde
444 2878 552 2939 per
590 2859 901 2921 Arcturum
939 2858 1284 2939 mediaeque
1324 2860 1553 2928 silentia
1589 2858 1758 2920 lunae
1859 2874 1869 2884 ·

256 2945 416 3005 Arva
449 2963 626 3025 super
661 2945 1034 3025 populosque
1072 2954 1248 3005 meat.
1336 2945 1531 3024 Sopor
1571 2944 1776 3014 obvius
1819 2944 1901 3005 illi

254 3029 461 3090 Noctis
507 3028 719 3109 agebat
759 3046 978 3109 equos,
1024 3028 1403 3109 trepidusque
1449 3029 1702 3106 assurgit
1742 3029 1950 3090 honori
2183 3037 2254 3091 60

254 3114 519 3177 Numinis
562 3124 622 3175 et
666 3122 832 3176 recto
878 3113 1110 3175 decedit
1155 3114 1335 3175 limite
1378 3113 1552 3174 coeli.

252 3199 505 3260 Inferior
541 3200 705 3261 volat
748 3198 948 3260 umbra
991 3199 1139 3276 deo,
1186 3207 1617 3278 praereptaque
1662 3199 1852 3259 noscit

253 3283 461 3345 Sidera
498 3284 958 3365 principiumque
998 3286 1120 3352 sui;
1166 3284 1396 3362 iamque
1439 3284 1616 3345 ardua
1663 3281 1921 3359 Cyrrhae

255 3368 653 3450 Pollutamqne
699 3387 804 3430 suo
847 3370 1156 3447 despectat
1192 3367 1448 3430 Phocida
1490 3368 1681 3428 busto.

380 3454 628 3517 Ventum
672 3464 797 3519 erat
834 3454 906 3517 ad
947 3452 1211 3524 Thebas;
1250 3454 1471 3533 gemuit
1517 3471 1703 3533 prope
1749 3453 1941 3529 limina
1978 3453 2094 3514 nati
2181 3462 2253 3518 65
