2517 3909
826 165 1228 218 mesmes
1264 167 1404 218 mn.
1444 167 1537 220 γι.
2077 125 2195 220 137

205 322 464 386 Tandem
506 313 738 404 pectas‘
758 322 913 385 humi
954 338 1315 403 pronamque
1356 331 1639 385 extensus
1670 321 1729 384 iu
1766 324 1958 386 alvum

204 409 523 485 Sternitur,
568 425 639 469 ac
678 407 860 486 longo
902 417 1161 472 moestus
1201 416 1339 487 post
1380 417 1646 488 tempore
1680 410 1885 488 surgit,
1946 475 1955 482 ‚

206 492 424 572 Turpia
472 493 697 571 signata
740 493 1007 573 linquens
1047 493 1300 571 vestigia
1334 502 1512 558 terra.

253 639 258 644 .
334 576 585 638 Palmam
628 587 820 638 autem
865 577 1069 640 dextra
1112 577 1398 658 laevaque
1441 577 1679 642 nitentia
1714 577 1868 640 dono
2092 587 2195 645 905

204 663 386 723 Arma
426 662 628 723 ferens
671 661 935 738 Tydeus:
981 660 1172 735 ‘Quid
1214 662 1264 722 si
1304 680 1420 723 non
1462 662 1755 742 sanguinis
1797 661 1967 728 huius

204 746 437 808 Partem
479 745 630 807 haud
676 747 973 824 exiguam,
1018 747 1211 821 senis,
1251 745 1542 809 Dircaeus
1580 744 1829 808 haberet

206 827 503 910 Campus?
545 830 645 891 ubi
683 831 794 893 hae
841 849 1027 910 nuper
1070 828 1398 894 Thebarum
1439 830 1686 892 foedera
1724 828 2004 911 plagae‘P

202 913 368 975 Haec
414 913 583 977 simul
619 924 916 976 ostentans
954 915 1330 995 quaesitaque
1373 917 1628 996 praemia
1670 915 1900 978 laudum

203 998 321 1060 Dat
359 1000 570 1077 sociis,
616 1001 877 1080 sequitur
918 999 1224 1077 neglectus
1268 999 1524 1079 Agyllea
1564 999 1791 1062 thorax.
2099 1013 2204 1069 910

336 1084 481 1146 Sunt
518 1093 580 1145 et
621 1085 718 1164 qui
754 1083 908 1145 nudo
954 1082 1198 1145 subeant
1242 1103 1597 1147 concurrere
1638 1086 1820 1147 ferro.

204 1168 443 1249 Iamque
482 1168 720 1230 aderant
754 1169 1016 1229 instructi
1053 1168 1225 1228 armis
1268 1168 1615 1248 Epidaurius
1657 1169 1891 1249 Agreus

204 1252 284 1315 Et
324 1251 574 1316 nondum
614 1252 747 1314 fatis
774 1251 1074 1313 Dircaeus
1112 1253 1418 1330 agentibus
1464 1254 1621 1315 exul.

203 1337 342 1399 Dux
384 1346 545 1399 vetat
586 1337 843 1399 Iasides:
887 1336 1117 1398 ‘Manet
1156 1338 1364 1416 ingens
1407 1339 1578 1418 copia
1620 1338 1747 1416 leti,

207 1421 259 1482 Ο
304 1422 576 1483 iuvenes!
621 1430 856 1483 servate
898 1423 1118 1483 animos
1162 1423 1505 1502 avidumque
1545 1424 1804 1484 furorem
2098 1434 2204 1493 915

206 1508 517 1586 Sanguinis
564 1507 818 1568 adversi.
910 1505 1115 1585 Tuque
1163 1523 1235 1583 o,
1281 1524 1452 1587 quem
1491 1516 1738 1589 propter
1780 1508 1932 1570 avita

204 1590 454 1670 Iugera,
501 1590 746 1652 dilectas
786 1591 878 1652 cui
921 1589 1310 1652 desolavimus
1352 1590 1550 1669 urbes,

204 1675 331 1755 Ne,
376 1692 625 1756 precor,
666 1683 800 1736 ante
843 1676 1063 1751 aciem,
1101 1675 1193 1735 ius
1233 1682 1450 1736 tautum
1494 1674 1726 1737 casibus
1768 1693 1928 1754 esse,

203 1759 620 1840 Fraternisque
667 1760 857 1837 siuas,
902 1759 1136 1836 abigant
1177 1758 1294 1820 hoc
1330 1760 1588 1822 numina!
1636 1760 1837 1820 votis.5

336 1846 437 1907 Sic
480 1847 594 1923 ait,
634 1853 809 1925 atque
855 1843 1057 1906 ambos
1096 1853 1295 1905 aurata
1336 1844 1568 1905 casside
1607 1844 1768 1906 ditat.
2096 1855 2202 1912 920

210 1929 374 1991 Tunc
411 1946 673 2008 genero,
717 1947 792 1990 ne
834 1928 1021 1990 laudis
1064 1946 1284 2008 egens,
1326 1927 1489 1990 iubet
1526 1928 1703 1990 ardua
1751 1931 1907 1991 necti

208 2014 502 2095 Tempora
542 2012 985 2093 Thebarumque
1021 2015 1240 2092 ingenti
1276 2030 1430 2074 voce
1480 2014 1643 2075 citari

206 2098 528 2160 Victorem.
609 2097 789 2159 Dirae
831 2097 1157 2160 retinebant
1198 2097 1388 2159 omina
1424 2097 1666 2160 Parcae.

333 2182 742 2264 Ipsumetiam
783 2184 1022 2263 proprio
1055 2184 1370 2245 certamina
1403 2183 1556 2244 festa
1591 2181 1798 2243 labore

206 2268 453 2347 Dignari
496 2276 554 2328 et
594 2267 809 2329 tumulo
856 2286 1187 2348 supremum
1225 2267 1379 2329 hunc
1420 2266 1641 2328 addere
1676 2265 1983 2343 honorem,
2097 2276 2200 2331 925

206 2351 526 2414 Hortantur
563 2369 880 2432 proceres;
924 2370 1028 2431 ac,
1070 2370 1145 2413 ne
1182 2351 1430 2413 victoria
1471 2351 1626 2413 desit

207 2437 336 2498 Una
380 2437 584 2499 ducum
628 2454 898 2515 numero,
946 2436 1147 2499 fundat
1180 2436 1282 2497 vel
1324 2436 1501 2512 Lycia
1545 2451 1725 2497 cornu

71 2547 81 2556 ·
208 2521 356 2583 Tela
393 2530 634 2598 rogant,
675 2523 835 2582 tenui
874 2521 973 2581 vel
1013 2520 1207 2582 nubila
1249 2529 1507 2581 transeat
1546 2520 1730 2581 hasta.

337 2604 690 2685 Obsequitur
732 2605 1021 2685 gaudens,
1064 2604 1351 2684 viridique
1396 2622 1473 2664 ex
1513 2621 1736 2682 aggere
1772 2604 1829 2666 iu
1870 2621 2117 2686 aequum

208 2691 466 2770 Stipatus
505 2690 735 2749 summis
777 2692 1043 2750 iuvenum
1085 2687 1416 2759 descendit;
1464 2698 1523 2751 at
1558 2688 1645 2752 illi
2096 2698 2204 2756 930

207 2774 370 2837 Pone
416 2773 584 2835 leves
624 2782 818 2853 portat
859 2774 1165 2854 pharetras
1210 2782 1272 2835 et
1315 2790 1532 2836 cornua
1575 2775 1765 2835 iussus

205 2859 513 2938 Armiger,
555 2858 850 2935 ingentem
892 2859 1046 2923 iactu
1081 2859 1468 2919 transmittere
1512 2859 1729 2920 circum

203 2942 447 3006 Eminus
489 2951 549 3003 et
592 2942 782 3004 dictae
825 2942 966 3004 dare
998 2942 1242 3004 vulnera
1284 2942 1533 3004 destinat
1573 2960 1740 3004 orno.

339 3025 483 3101 Quis
520 3027 705 3088 fluere
746 3027 993 3087 occultis
1031 3045 1226 3088 rerum
1267 3037 1449 3106 neget
1489 3030 1677 3090 omina
1721 3026 1959 3091 causis?

207 3110 352 3172 Fata
397 3120 598 3190 patent
636 3110 886 3187 homini,
931 3112 1095 3191 piget
1136 3112 1459 3189 inservare,
1506 3114 1771 3193 peritque
2096 3120 2199 3178 935

206 3194 452 3257 Venturi
494 3196 779 3276 promissa
821 3195 1000 3257 fides:
1044 3197 1132 3257 sic
1172 3198 1362 3258 omina
1405 3213 1600 3257 casum
2222 3199 2223 3202 ’

207 3279 513 3357 Fecimus,
559 3288 620 3341 et
659 3281 815 3340 vires
857 3281 1014 3341 auxit
1054 3278 1309 3341 Fortuna
1346 3281 1617 3342 nocendi.

334 3361 614 3444 Campum
653 3381 887 3425 emensa
927 3363 1094 3426 brevi
1133 3364 1325 3426 fatalis
1366 3363 1439 3425 ab
1487 3364 1700 3425 arbore
1741 3372 1918 3441 tacta,

206 3447 571 3509 Horrendum
613 3449 769 3528 visu,
809 3466 917 3529 per
959 3466 1106 3531 quas
1146 3448 1321 3511 modo
1357 3449 1589 3529 fugerat
1628 3465 1821 3527 auras,
