2517 3909
197 209 281 247 111
872 186 1217 244 EDITORIS
1253 186 1688 243 PRAEFATIO.

199 337 498 401 inmensa
557 333 833 398 materia
903 333 1254 417 prudenter
1317 354 1396 397 ea
1459 352 1624 417 quae
1687 331 1957 396 alicuius
2028 329 2347 396 momenti

201 427 421 489 essent
463 423 701 508 eligere
747 425 1112 507 coegerunt.

381 510 740 596 Postquam
799 514 1015 575 autem
1073 509 1406 575 Domitius
1471 505 1850 574 Calderinus
1910 508 2177 593 eiusque
2237 508 2347 573 ad-

200 601 526 666 uersarius
588 600 881 685 Angelus
944 597 1312 664 Politianus
1321 648 1342 683 ,
1410 598 1641 663 deinde
1702 595 2034 662 Auantius
2111 597 2350 682 quique

202 690 479 755 Aldinae
525 691 933 772 curauerunt,
976 709 1131 753 mox
1165 686 1547 752 Bernartius
1584 685 2058 770 Geuartiusque
2094 689 2162 751 et
2188 684 2348 751 Gro-

204 780 472 862 nouius,
524 781 666 841 tum
721 774 791 843 C.
836 775 1146 842 Barthius
1202 778 1272 841 et
1314 773 1589 841 Gruietus
1634 774 2170 861 Peyraredusque
2224 796 2345 858 pro

205 889 324 933 suo
371 866 647 952 quisque
703 866 970 951 ingenio
1024 868 1256 948 poetae
1302 862 1745 948 Neapolitano
1791 863 2069 929 salutem
2112 864 2350 928 lucem-

206 977 330 1042 que
377 954 755 1038 attulerunt,
800 954 1018 1019 extifit
1053 953 1262 1019 eidem
1301 975 1420 1037 par
1457 953 1829 1018 criticorum
1864 952 2350 1018 nobilissimum

206 1044 506 1129 quodque
533 1042 830 1108 Dauniae
857 1040 1182 1107 Camenae
1210 1045 1536 1107 amatores
1562 1062 1918 1126 numquam
1954 1041 2114 1107 satis
2142 1041 2349 1125 suspi-

209 1134 399 1218 cient,
443 1130 760 1197 Nicolaus
795 1129 1108 1197 Heinsius
1147 1134 1214 1196 et
1245 1130 1557 1197 Ieremias
1592 1128 2035 1196 Marklandus.
2079 1133 2148 1195 et
2173 1130 2351 1195 illius

210 1219 473 1306 quidem
519 1219 737 1286 studia
779 1220 1164 1305 Papmiana,
1207 1222 1442 1303 utpote
1485 1220 1557 1285 in
1601 1219 1739 1285 eius
1775 1217 2186 1284 Aduersariis
2231 1219 2354 1283 cri-

206 1310 356 1375 ticis
402 1309 729 1394 uariisque
776 1308 1264 1375 commentariis
1317 1308 1680 1393 latitantia,
1734 1308 1951 1373 minus
1994 1308 2069 1373 in
2113 1308 2353 1392 uulgus

210 1401 603 1470 enotuerunt
662 1419 871 1482 neque
937 1420 1013 1463 eo
1077 1418 1206 1482 quo
1270 1418 1393 1481 par
1450 1401 1594 1462 erat
1642 1396 1890 1462 honore
1947 1395 2157 1461 adhuc
2203 1399 2357 1462 sunt

103 1539 112 1545 .
208 1487 442 1552 habita
452 1483 539 1572 ²¹²).
612 1486 694 1551 ad
728 1486 924 1554 huius
961 1490 1029 1552 et
1061 1484 1433 1552 Marklandi
1466 1486 1703 1550 merita
1736 1489 1911 1550 recte
1948 1485 2356 1551 aestimanda

211 1597 569 1661 numquam
625 1575 1137 1641 obliuiscendum
1185 1578 1311 1659 est,
1362 1574 1497 1639 fere
1545 1596 1804 1639 omnem
1851 1595 2075 1639 eorum
2120 1573 2198 1639 de
2245 1573 2355 1639 sil·

209 1686 441 1729 uarum
487 1664 864 1731 condicione
910 1664 1135 1730 critica
1177 1663 1490 1729 notitiam
1535 1663 1799 1728 stetisse
1844 1663 1916 1727 in
1960 1662 2357 1729 editionibus

213 1753 467 1838 aliquot
511 1753 821 1836 uetustis;
875 1753 1042 1819 unde
1098 1753 1181 1818 ob
1235 1752 1445 1836 ipsius
1499 1751 1907 1817 fundamenti
1951 1751 2357 1818 incertitudi-

196 1863 362 1907 nem
420 1862 531 1907 eos
592 1863 633 1906 a
689 1863 845 1909 uero
904 1841 1230 1907 interdum
1287 1841 1623 1907 aberrasse
1677 1840 1898 1905 claret.
1996 1840 2217 1926 itaque
2272 1840 2354 1905 ab

211 1930 507 2016 ingenio,
556 1930 728 2015 quod
772 1931 1029 2017 utrique
1077 1951 1234 1996 sane
1281 1929 1576 1995 diuinum
1622 1932 1783 2012 erat,
1829 1929 2146 1994 auxilium
2190 1930 2354 2014 peti-

211 2023 475 2103 uerunt3
530 2023 599 2084 et
653 2020 929 2086 accessit
980 2020 1243 2104 ingenio
1301 2018 1565 2083 assidua
1617 2021 1962 2103 poetarum
2004 2018 2359 2084 latinorum

210 2108 409 2174 lectio
458 2129 662 2191 eaque
710 2130 874 2193 quae
919 2107 1230 2173 iudicium
1274 2128 1410 2172 non
1455 2107 1760 2173 obrueret
1796 2106 2094 2173 doctrina
2130 2107 2359 2173 solida.

209 2197 315 2262 his
362 2196 716 2262 uirtutibus
771 2195 1076 2262 instructi
1120 2195 1361 2262 mirum
1407 2199 1507 2261 est
1552 2199 1713 2281 quot
1757 2196 1861 2261 illi
1904 2196 2194 2262 maculas
2242 2196 2353 2261 sil-

211 2284 315 2350 uis
377 2284 793 2370 deterserint,
850 2289 928 2351 ut
971 2283 1226 2350 nescias
1291 2284 1422 2350 utri
1479 2305 1703 2351 eorum
1754 2284 2040 2369 palmam
2087 2284 2359 2350 deferas.

214 2373 329 2440 sed
373 2371 708 2456 Heinsius,
752 2374 866 2460 qui
907 2395 1044 2439 non
1086 2373 1332 2438 iustam
1376 2373 1691 2439 siluarum
1733 2374 2176 2439 recensionem
2221 2374 2360 2459 egit

216 2461 330 2528 sed
385 2461 810 2528 desultoriam
863 2462 1082 2548 potius
1138 2483 1404 2545 operam
1460 2462 1554 2528 eis
1606 2461 1955 2548 impendit,
2003 2462 2223 2527 nescio
2272 2484 2359 2527 an

216 2551 446 2617 natiua
489 2550 738 2636 ingenii
781 2551 1097 2617 felicitate
1141 2551 1288 2634 plus
1335 2551 1770 2636 praestiterit,
1826 2573 1972 2617 cum
2018 2555 2246 2617 contra
2289 2551 2360 2615 in

213 2639 600 2705 Marklando
646 2641 856 2706 maius
902 2640 1137 2705 mentis
1194 2662 1468 2706 acumen
1513 2640 1603 2705 sit
1648 2639 2117 2707 admirandum.
2189 2639 2358 2724 quod

251 2956 266 2968 ·
361 2886 415 2955 ³⁸⁵)
443 2884 581 2968 quin
618 2883 737 2940 eius
773 2886 936 2967 notas
970 2884 1253 2941 interdum
1290 2885 1467 2941 tacite
1504 2884 1900 2954 excripserunt.
1938 2884 2119 2941 ueluti
2154 2847 2356 2955 nuper·

218 2972 396 3010 rimus
434 2956 702 3011 siluarum
742 2955 939 3023 editor,
977 2955 1260 3011 Gustauus
1293 2955 1590 3027 Queckius,
1628 2956 1702 3011 ad
1727 2955 1806 3011 IV
1843 2962 1895 3023 3,
1932 2960 2021 3025 20,
2056 2957 2359 3026 postquam

217 3026 555 3097 scripturam
584 3025 841 3082 codicum
883 3026 1096 3096 attulit,
1124 3028 1266 3082 haec
1292 3027 1485 3098 posuit
1515 3026 1708 3096 (praef.
1737 3045 1793 3096 p.
1812 3025 2020 3096 xxm:
2068 3025 2358 3097 ‘Legimus

220 3113 380 3181 ergo?
430 3098 521 3153 hic
553 3113 739 3167 seyme
764 3098 970 3168 populi
1002 3100 1125 3153 vias
1157 3104 1447 3168 arcuatus.
1522 3100 1794 3167 scriptum
1828 3098 2016 3152 fuerat
2048 3099 2223 3152 aeonis
2256 3116 2360 3167 pro
2451 3115 2458 3122 ·
2497 3107 2498 3182 }

215 3169 436 3239 seyme?
513 3169 720 3224 hausta
764 3172 896 3223 sunt
938 3170 1079 3224 haec
1125 3186 1307 3239 paene
1352 3169 1428 3224 ad
1472 3169 1710 3224 uerbum
1755 3185 1825 3224 ex
1870 3167 2088 3224 Heinsii
2123 3168 2358 3225 Aduers.

218 3258 275 3309 p.
299 3245 419 3294 104.
448 3270 519 3281 —
549 3241 797 3295 ceterum
825 3238 1007 3294 adfuit
1031 3240 1196 3296 nobis
1233 3257 1303 3295 ex
1337 3239 1690 3296 bibliotheca
1722 3239 2108 3295 uniuersitatis
2137 3237 2361 3295 Gottin-

220 3310 409 3381 gensis
453 3310 604 3367 inter
648 3310 765 3366 alia
809 3311 883 3365 ad
921 3309 1164 3367 Statium
1209 3309 1555 3381 pertinentia
1599 3311 1886 3380 exemplar
1930 3310 2194 3366 editionis
2230 3310 2362 3365 Lin-

221 3382 654 3453 denbrogianae,
690 3382 750 3438 in
787 3399 901 3450 qua
926 3382 1282 3437 Burmannus
1313 3397 1440 3436 cum
1459 3397 1589 3437 suas
1623 3384 1746 3437 tum
1764 3381 1983 3437 Heinsii
2009 3381 2364 3437 coniecturas

216 3454 513 3523 plerasque
551 3453 862 3523 adscripsit.
