2517 3909
316 174 390 221 lv
1081 172 1500 221 PRAEFATIO.

313 332 593 405 Lipsiensi
615 335 847 389 membr.
870 349 1025 389 saec.
1044 332 1193 388 XVI.
1210 375 1227 402 ‚
1271 333 1367 403 qui
1391 336 1649 389 servatur
1684 332 1741 387 in
1762 329 2104 388 bibliotheca
2126 348 2295 389 sena·

317 420 479 489 toria,
508 424 802 489 utrumque
835 419 1146 474 contulerat
1177 418 1442 473 Lenzius.

481 501 812 573 Nuperrime
838 518 1045 558 novam
1082 501 1297 558 codicis
1322 501 1635 559 Cassellani
1667 502 2023 557 collationem
2058 502 2291 573 protulit

318 588 379 646 C.
398 589 459 645 F.
482 587 720 654 Weber,
743 588 1036 658 professor
1058 587 1479 659 Marburgensis
1501 586 1849 642 clarissimus
1870 588 2091 658 (progr.
2120 587 2287 643 acad.

314 672 602 745 Marburg.
626 676 783 742 1853,
815 689 873 744 p.
902 673 1018 741 55),
1051 671 1146 744 qui
1184 688 1242 743 p.
1274 677 1310 731 6
1332 670 1406 726 de
1432 671 1541 727 hoc
1566 672 1704 728 libro
1735 669 1901 726 affert
1927 670 2104 727 haec:
2143 687 2291 739 „co-

318 756 430 812 dex
449 756 876 829 diligentissime
910 762 965 812 et
995 753 1335 816 nitidissime
1365 755 1541 811 literis
1573 756 1820 812 romanis
1843 773 1879 812 a
1905 756 2290 828 compluribus

315 842 556 898 librariis
585 841 663 898 ita
695 842 935 914 scriptus
972 848 1093 911 est,
1127 847 1188 896 ut
1220 841 1281 895 in
1314 840 1517 912 quavis
1548 841 1762 913 pagina
1796 841 1961 896 lineis
1993 839 2293 897 distributa

316 926 514 983 triceni
547 941 750 983 versus
781 927 1070 999 legantur3
1116 927 1312 982 literae
1344 925 1585 982 initiales
1614 926 1886 997 cuiusque
1919 941 2125 981 versus
2148 925 2292 981 invi·

317 1027 442 1067 cem
463 1016 593 1066 sunt
613 1011 706 1066 vel
727 1012 928 1067 rubrae
949 1011 1045 1068 vel
1067 1016 1252 1078 atrae,
1279 1010 1495 1083 primae
1526 1011 1800 1081 cuiusque
1834 1010 1960 1066 libri
1995 1011 2093 1065 vel
2120 1026 2291 1083 argu·

315 1096 487 1152 menti
527 1095 718 1151 literae
750 1094 982 1167 picturis
1013 1096 1109 1151 vel
1145 1094 1490 1151 ornamentis
1523 1093 1836 1152 distinctae.
1920 1093 2123 1150 Omnia
2159 1102 2292 1151 sunt

313 1195 526 1253 magua
545 1195 674 1236 cum
694 1195 832 1235 cura
852 1185 1111 1248 exarata,
1152 1180 1229 1236 ita
1251 1184 1313 1236 ut
1333 1180 1639 1236 correctrix
1668 1195 1871 1236 manus
1893 1179 2016 1234 eius
2030 1220 2048 1247 ‚
2077 1180 2172 1251 qui
2193 1194 2291 1235 co—

319 1265 503 1321 dicem
525 1265 935 1336 transscripsit,
978 1279 1107 1320 raro
1136 1269 1410 1337 appareat
1425 1307 1441 1332 ‚
1478 1264 1707 1337 saepius
1729 1264 1958 1321 alterius
1984 1262 2151 1320 ethic
2175 1263 2290 1320 illic

319 1349 493 1418 tertii,
537 1352 632 1422 qui
661 1363 885 1406 errores
920 1365 1057 1405 sane
1088 1350 1425 1406 commissos
1466 1349 1929 1406 emendaverunt.
1988 1348 2160 1405 Totus
2194 1366 2292 1406 co·

318 1435 429 1490 dex
451 1435 618 1507 signa
641 1439 697 1490 et
723 1440 886 1491 notas
907 1435 1077 1490 habet
1106 1434 1333 1503 aetatis,
1364 1449 1532 1505 quam
1555 1434 1891 1507 subscriptio
1915 1449 2055 1507 prae
2077 1450 2142 1490 se
2164 1435 2290 1505 fert,

318 1521 529 1576 saeculi
549 1519 895 1576 undecimi.“
961 1520 1117 1578 Conl'.
1151 1520 1320 1576 etiam
1340 1533 1486 1591 quae
1510 1517 1674 1575 docte
1708 1535 1777 1575 ac
1798 1519 2096 1592 diligenter
2117 1536 2291 1592 expo-

318 1604 427 1660 suit
446 1605 615 1661 Web.
640 1619 774 1679 pag.
805 1609 1046 1665 18—20.
1105 1603 1395 1661 Consentit
1420 1603 1581 1661 Cass.
1610 1605 1944 1677 plerumque
1978 1619 2107 1660 cum
2132 1605 2287 1678 Lips.

485 1689 736 1762 Denique
760 1696 1022 1747 accurate
1050 1689 1253 1763 collegi
1290 1695 1345 1745 et
1370 1688 1680 1747 diiudicavi
1708 1690 1979 1746 lectiones
2000 1690 2289 1759 librorum,

319 1774 519 1846 quibus
546 1775 900 1844 Bernartius,
929 1775 1408 1847 Lindenbrogius‚
1453 1774 1718 1831 Barthius
1745 1773 1967 1845 (Barth.
2007 1771 2290 1846 significat

319 1859 588 1930 optimum
613 1861 769 1917 illum
787 1859 1062 1931 codicem,
1087 1875 1254 1931 quem
1279 1858 1541 1915 Barthius
1572 1859 1905 1932 saepissime
1939 1857 2174 1928 laudab)
2198 1860 2289 1915 usi

318 1950 476 2014 sunt,
509 1947 564 2001 et
597 1943 1053 2013 emendationes,
1095 1960 1236 2017 quas
1271 1943 1534 2001 Heinsius
1555 1988 1570 2014 ,
1602 1945 1904 2012 Gruterus,
1950 1944 2286 2014 Gronovius,

318 2028 690 2087 Marklandus
725 2029 930 2102 aliique
965 2031 1331 2101 protulerunt.

485 2114 547 2169 In
590 2114 870 2171 scribendi
924 2114 1140 2170 ratione
1185 2112 1543 2171 consentiunt
1584 2113 1917 2185 plerumque
1957 2115 2077 2169 Put.
2124 2112 2286 2175 Cass.

317 2199 469 2271 Lips.
508 2199 677 2256 Uncis
714 2201 738 2269 [
820 2199 1066 2268 Jinclusi
1084 2243 1100 2268 ‚
1135 2215 1282 2272 quae
1310 2204 1580 2271 suspecta
1611 2196 1972 2269 viderentur,
2013 2199 2177 2270 signo
2199 2225 2286 2239 --—

318 2311 404 2323 -—--
423 2289 613 2340 notata
632 2289 720 2340 est
740 2284 1115 2357 parenthesis.

1801 2364 1884 2412 G.
1918 2357 2161 2417 amech

1185 2677 1335 2730 LIB.
1387 2678 1439 2729 1.

491 2796 574 2854 Cf.
609 2797 726 2853 Iani
770 2793 988 2853 Gruteri
1024 2794 1378 2867 suspiciones
1421 2795 1477 2850 in
1510 2793 1671 2852 Statii
1707 2791 1883 2851 Theb.
1924 2791 2049 2850 libr.
2083 2794 2127 2850 1.
2163 2809 2292 2851 cum

322 2881 904 2939 animadversionibus
929 2879 994 2935 F.
1025 2877 1258 2951 Raudii,
1294 2879 1463 2937 Ienae
1493 2882 1648 2939 1851.

491 2967 564 3023 V.
593 2971 680 3026 12.
731 2977 902 3022 arcus
941 2963 1212 3022 revocavi
1241 2981 1318 3021 ex
1343 2965 1467 3022 Put.
1503 2964 1659 3021 Golb.
1695 2963 1822 3032 Ga,
1858 2961 2019 3020 Cass.
2053 2979 2140 3036 pr.
2183 2980 2292 3031 m.;

249 3111 250 3114 ,
321 3051 480 3108 Vrat.
514 3065 729 3108 arcum.
792 3054 882 3110 32.
914 3050 1036 3107 Put.
1061 3045 1215 3107 Colb.
1240 3050 1454 3120 Ρίενίο,
1484 3049 1589 3106 sed
1617 3048 1675 3103 in
1696 3050 1817 3104 Put.
1852 3048 2292 3120 superscriptum

324 3143 408 3192 est
439 3136 551 3193 alia
581 3143 753 3193 manu
793 3136 1096 3210 lauriyero,
1140 3136 1294 3208 quod
1331 3133 1503 3191 ceteri
1541 3135 1659 3189 fere
1689 3147 1889 3190 omnes
1914 3133 2140 3190 habent.
2201 3136 2287 3192 71.

322 3221 632 3278 cedentibus
670 3237 796 3278 cnm
832 3219 1061 3277 Barthio
1098 3219 1330 3293 scripsi,
1364 3219 1402 3274 i.
1434 3234 1486 3274 e.
1524 3218 1929 3282 recedentibioe5
1973 3218 2046 3274 cf.
2085 3217 2290 3276 Senec.

321 3304 465 3362 Oed.
491 3309 627 3376 9623
659 3307 803 3362 infra
831 3305 933 3366 427
955 3307 1100 3363 oculi
1121 3305 1388 3362 cedentes.
1451 3305 1539 3363 77.
1579 3318 1614 3359 a
1643 3303 1800 3360 libris
1824 3302 2032 3359 nostris
2053 3302 2146 3360 hic
2165 3315 2291 3359 ver-

325 3407 454 3461 sus,
488 3407 654 3463 quem
675 3389 936 3448 Bai-thius
973 3390 1177 3446 eiicere
1203 3391 1351 3459 vult,
1381 3403 1493 3444 non
1523 3390 1700 3445 abest.
1758 3391 1880 3445 Put.
1915 3388 2073 3444 Vrat.
2102 3390 2162 3444 in
2189 3386 2287 3461 fie-

321 3487 477 3545 nere,
509 3477 580 3533 cf.
616 3475 769 3534 Grut.
795 3493 951 3549 susp.
1010 3478 1099 3534 83.
1128 3477 1247 3531 Put.
1280 3476 1322 3530 P
1339 3469 1396 3548 β,
1424 3472 1591 3549 Gay
1612 3475 1840 3547 arripui
1846 3495 1866 3538 ,-
1890 3469 2046 3530 Coib.
2068 3473 2113 3532 F
2114 3472 2288 3544 reisg.
