2517 3909
209 151 299 215 22
959 150 1021 204 P.
1058 148 1340 202 PAPINn
1376 147 1619 203 srA'rn

208 295 410 359 Mirer
455 316 539 359 an
585 293 855 359 emissas
900 315 1016 378 per
1062 296 1296 358 cuncta
1340 293 1578 362 cubilia
1622 291 1965 376 lymphas?

211 382 360 448 Huc
407 383 626 466 oculis,
669 382 796 446 huc
841 386 1058 448 mente
1103 382 1348 448 trahor.
1415 381 1788 450 uenerabile
1815 381 2029 448 dicam

213 472 538 537 Lucorum
584 470 881 537 senium?
930 475 1012 552 te,
1058 491 1224 557 quae
1268 470 1440 537 uada
1482 470 1764 540 fluminis
1810 471 1984 538 infra

212 558 464 644 Cernis,
510 583 595 625 an
640 561 725 628 ad
763 561 962 628 siluas
1009 582 1175 644 quae
1219 560 1504 645 respicis,
1547 561 1717 644 aula,
1761 561 2090 644 tacentis,-
2282 577 2357 629 ω

211 649 356 726 Qua
399 650 523 714 tibi
567 654 713 715 tuta
757 650 939 734 quies
985 650 1359 734 offensaque
1403 649 1666 715 turbine
1709 650 1892 714 nullo

209 738 362 804 Nox
407 739 557 803 silet
601 743 666 803 et
709 739 935 825 pigros
980 740 1255 804 mittunt
1296 740 1428 804 iam
1473 760 1805 804 murmura
1849 740 2161 808 somnos?

210 827 320 891 An
366 849 532 912 quae
576 829 914 914 graminea
959 832 1264 912 suscepta
1309 827 1632 912 crepidine
1668 827 1925 896 fumant

207 914 456 982 Balnea
501 920 567 982 et
610 917 991 1001 impositum
1036 918 1194 982 riuis
1240 917 1618 1003 algentibus
1655 917 1922 1002 ignem?

211 1004 478 1091 Quaque
524 1004 910 1090 uaporiferis
955 1007 1214 1072 iunctus
1261 1006 1637 1072 fornacibus
1682 1007 1894 1074 amnis
2229 1057 2240 1062 -
2281 1022 2356 1073 45

208 1094 404 1159 Ridet
449 1095 830 1160 anhelantes
877 1095 1093 1161 uicino
1137 1096 1405 1162 flumine
1447 1094 1837 1180 Nymphas?

208 1181 364 1247 Uidi
410 1186 585 1249 artes
624 1186 1052 1269 'ueterumque
1097 1206 1332 1250 manus
1376 1184 1704 1269 uariisque
1748 1185 2013 1250 metalla

208 1269 384 1336 Uiua
427 1273 655 1337 modis,
726 1273 915 1338 labor
959 1278 1059 1338 est
1104 1274 1247 1338 auri
1290 1294 1651 1340 memorare
1695 1273 1956 1359 figuras,

209 1359 348 1424 Aut
391 1360 552 1425 ebur
588 1364 714 1426 aut
759 1361 993 1446 dignas
1038 1362 1261 1447 digitis
1295 1363 1674 1448 contingere
1720 1383 2030 1447 gemmas,

215 1446 532 1532 Quicquid
578 1453 643 1514 et
688 1454 960 1535 argento
1005 1451 1312 1535 primum,
1353 1452 1462 1516 uel
1504 1452 1576 1516 in
1622 1473 1771 1516 aere
1816 1451 2056 1520 minori
2281 1468 2358 1519 50

213 1535 400 1601 Lusit
445 1542 510 1602 et
555 1559 847 1604 enormes
892 1561 1125 1606 manus
1173 1544 1275 1606 est
1320 1544 1587 1623 experta
1630 1541 1936 1622 colossos.

213 1623 390 1689 Dum
434 1647 642 1711 uagor
686 1631 952 1711 aspectu
996 1629 1303 1712 nisusque
1349 1651 1465 1714 per
1512 1629 1733 1696 omnia
1779 1630 1961 1714 duce,

213 1712 567 1779 Calcabam
611 1716 965 1801 necopinus
1014 1739 1189 1801 opes,
1261 1739 1416 1783 nam
1462 1719 1769 1802 splendor
1819 1719 1902 1785 ab
1949 1719 2084 1786 alto

209 1800 477 1868 Defluus
526 1809 592 1869 et
634 1804 914 1870 nitidum
942 1803 1315 1872 'referentes
1364 1825 1515 1874 aera
1559 1810 1770 1873 testae

206 1889 654 1958 Monstrauere
701 1894 936 1979 solum3
980 1894 1197 1960 uarias
1243 1895 1357 1962 ubi
1401 1896 1582 1979 picta
1626 1917 1742 1980 per
1784 1900 1962 1962 artes
2283 1912 2356 1962 55

208 1979 467 2046 Gaudet
509 1982 746 2048 humus
794 1988 1182 2068 superatque
1227 1985 1420 2049 nouis
1469 1988 1737 2052 asarota
1782 1985 2028 2070 figuris.

205 2067 548 2153 Expauere
596 2072 855 2156 gradus.
947 2073 1101 2157 quid
1145 2095 1324 2139 nunc
1368 2073 1699 2157 laquearia
1744 2074 1941 2139 mirer

208 2157 346 2222 Aut
393 2160 546 2243 quid
591 2161 855 2243 partitis
901 2160 1214 2228 distantia
1257 2165 1436 2227 tecta
1483 2162 1832 2228 trichoris?

210 2244 381 2322 Quid
424 2252 509 2332 te,
557 2269 723 2331 quae
769 2249 998 2318 mediis
1047 2254 1308 2316 seruata
1352 2251 1698 2335 penatibus
1743 2252 1942 2317 arbor

208 2333 412 2400 Tecta
454 2357 573 2420 per
618 2342 685 2402 et
729 2340 953 2422 postes
1000 2337 1283 2422 liquidas
1327 2339 1607 2424 emergis
1651 2341 1723 2404 in
1767 2362 1977 2423 auras,
2282 2356 2357 2405 60

209 2421 351 2499 Quo
395 2446 531 2489 non
579 2426 698 2491 sub
747 2426 1010 2493 domino
1059 2448 1289 2493 saeuas
1334 2451 1611 2512 passura
1654 2428 2014 2512 bipennes?

212 2510 328 2576 Set
372 2535 544 2578 nunc
589 2514 867 2600 ignauos
913 2516 1139 2581 forsan
1186 2518 1294 2581 uel
1340 2516 1607 2582 lubrica‘
1633 2516 1796 2582 Nais

208 2598 337 2665 Uel
379 2623 515 2667 non
563 2603 877 2688 abruptos
924 2604 1048 2669 tibi
1094 2605 1312 2669 demet
1352 2605 1765 2690 Hamadryas
1812 2627 2040 2671 annos.

350 2854 417 2902 37
464 2849 741 2919 nymphas
789 2854 826 2900 0
860 2867 920 2919 a,
972 2865 1110 2906 corr.
1161 2855 1212 2906 ς.
1241 2852 1262 2920 fl
1291 2857 1357 2905 41
1397 2852 1524 2905 tuta
1551 2855 1630 2904 A:
1674 2852 1796 2907 tota
1832 2853 2012 2920 ⁰”42
2048 2851 2173 2906 Nox
2210 2856 2246 2906 ς
2288 2870 2355 2906 a:

208 2916 341 2972 Mox
396 2924 431 2970 c
480 2921 488 2987 1
538 2919 729 3003 pigros
790 2921 1165 2992 Peyraredus:
1215 2922 1407 2992 nigros
1445 2928 1484 2974 c
1518 2940 1552 2974 a
1611 2923 1618 2989 Ι
1675 2922 1912 2980 mittunt
1960 2919 2077 2978 iam
2121 2923 2349 2991 scrspsi:

205 2989 488 3045 mutantia
523 2997 559 3043 0
601 2990 891 3047 imitantia
927 3007 961 3050 ς
1013 3011 1048 3045 a
1101 2992 1349 3048 inuitant
1395 2993 1748 3064 Peyraredws
1769 2995 1801 3063 {fl
1841 2999 1913 3048 44
1950 2993 2088 3050 riuis
2117 2995 2351 3063 scripsi:

205 3059 342 3129 ripis
367 3067 402 3113 Ο
423 3080 458 3115 a
483 3063 503 3131 ΙΙ
529 3067 599 3117 45
622 3061 844 3132 Quique
865 3064 1111 3129 Markl‚;
1130 3069 1273 3133 puto
1289 3063 1564 3132 Quodque
1590 3065 1611 3132 fl
1637 3070 1706 3119 46
1736 3063 1948 3135 digitos
1977 3065 2356 3136 Madm'yn'toell

205 3135 276 3184 50
313 3130 518 3188 minori
555 3139 613 3188 σε
650 3135 898 3204 myronis
940 3137 1118 3204 ⁸115?
1155 3135 1446 3204 laquearia
1478 3136 1708 3204 scrupeis
1739 3135 1996 3205 ingentia
2032 3141 2094 3202 ος
2130 3136 2270 3205 qudi
2306 3140 2355 3188 A

203 3202 1025 3275 habeat,·.imertum,usuperin
1042 3208 1246 3275 posito.
1273 3205 1529 3277 ingentia
1545 3206 1716 3262 mirer
1730 3205 1930 3262 Atria?
1951 3206 2094 3276 quid
2121 3207 2353 3275 paribus

208 3272 419 3329 Markl.
464 3278 486 3346 ΙΙ
532 3282 600 3331 62
636 3276 735 3332 Set
768 3278 993 3346 scripsi:
1034 3277 1110 3333 Et
1147 3283 1183 3329 ο
1222 3296 1257 3331 a
1291 3279 1371 3333 At
1415 3277 1768 3343 Grmuiuffi·
1797 3277 1807 3348 Ι
1846 3276 2084 3348 &naues
2115 3278 2352 3345 emp-si.-

202 3343 402 3414 ignaro
430 3352 467 3398 c
490 3366 528 3399 ο,
553 3347 753 3418 ignoro
783 3349 1105 3405 Politiamas
1129 3349 1367 3420 ignarae
1393 3349 1664 3406 Heinsius
1696 3349 1947 3404 intactae
1973 3349 2298 3405 θνοηοωίωε
2333 3349 2353 3420 Η

204 3421 272 3470 63
311 3416 441 3489 tibi]
480 3418 579 3473 ubi
618 3425 653 3471 G
689 3438 724 3472 a
753 3421 764 3490 Ι
796 3421 985 3475 demet
1021 3425 1067 3473 Δ
1089 3419 1118 3452 *
1139 3426 1199 3474 c:
1239 3420 1412 3475 debet
1445 3420 1715 3476 Heinsius
1750 3421 1935 3475 comet
1972 3419 2294 3476 Gronouius
