2517 3909
859 1050 1207 1135 Editoris
1262 1050 1677 1156 praefatio.

430 1318 820 1405 Priusquam
881 1343 1091 1388 novae
1153 1322 1349 1388 huius
1424 1323 1730 1389 editionis
1793 1323 2113 1390 rationem
2183 1348 2283 1391 ex-

248 1409 511 1494 plicem,
566 1410 791 1492 paucis
847 1410 926 1475 de
980 1412 1459 1497 propagatione
1514 1412 1912 1479 Achilleidos
1958 1436 2075 1498 per
2120 1417 2282 1480 tem-

249 1519 414 1582 pora
441 1497 640 1563 medii
669 1499 811 1564 aevi
838 1501 1239 1585 continuata,
1266 1503 1409 1570 tum
1438 1501 1516 1566 de
1546 1502 1937 1569 editionibus
1967 1526 2171 1589 usque
2200 1504 2283 1569 ad

247 1589 543 1653 nostram
572 1590 852 1653 aetatem
889 1589 1141 1655 emissis
1178 1589 1461 1674 praefari
1497 1590 1711 1657 liceat.
1745 1627 1820 1639 ——
1855 1592 1954 1659 Ac
2000 1594 2284 1678 primum

252 1675 512 1760 quidem
558 1679 841 1760 constat,
886 1676 1251 1744 Achilleida
1300 1678 1545 1745 saeculi
1590 1682 1807 1765 quarti
1854 1683 2062 1768 quinti
2118 1683 2286 1748 sexti

247 1765 676 1849 scriptoribus
701 1769 931 1832 notam
956 1766 1195 1870 fuisse:-
1219 1765 1486 1922 Sergius·
1513 1769 1674 1871 duos
1704 1770 1843 1834 eius
1862 1771 2039 1876 loco-s
2059 1772 2286 1877 laudat

249 1853 309 2008 §J
536 1877 643 2026 a,
826 1854 1768 2032 effizaesssssxsshsssssms
1783 1856 2286 2016 <m

252 2035 615 2119 exemplum
641 2032 848 2101 fuisse
893 2038 1118 2100 narrat
1142 2036 1449 2101 carminis
1478 2036 1649 2121 quod
1696 2036 1773 2102 de
1801 2037 2284 2104 Antoninorum

244 2123 442 2189 rebus
481 2123 684 2209 gestis
711 2123 1158 2209 perscripserit
1177 2122 1572 2210 Gordianus3
1613 2124 1979 2193 Ausonium
2006 2127 2284 2193 nonnul·

243 2212 329 2277 lis
357 2210 669 2278 Mosellae
697 2213 858 2280 locis
878 2212 1275 2279 Achilleidos
1305 2237 1530 2280 versus
1560 2220 1710 2279 ante
1741 2216 1959 2282 oculos
1977 2216 2284 2282 habuisse

246 2300 669 2367 manifestum
716 2302 866 2389 erit,
913 2302 970 2368 si
1016 2304 1364 2369 contuleris
1401 2304 1572 2370 inter
1617 2326 1686 2370 se
1732 2303 1894 2371 Ach.
1930 2305 1963 2370 Ι
2008 2306 2139 2372 409
2188 2329 2283 2393 sq.

243 2396 310 2455 et
354 2389 520 2456 Mos.
565 2392 701 2456 290
747 2413 906 2477 sqq7
950 2389 1112 2458 Ach.
1140 2391 1173 2459 Ι
1211 2393 1346 2458 462
1395 2396 1461 2458 et
1488 2392 1652 2459 Mos,
1687 2394 1836 2478 147,
1880 2393 2042 2459 Ach.
2087 2394 2119 2459 Ι
2153 2397 2283 2461 775

241 2485 309 2545 et
353 2479 518 2547 Mos.
565 2480 718 2546 395.
818 2479 1119 2566 Longum
1176 2485 1278 2547 est
1331 2504 1705 2548 enumerare
1755 2504 1981 2549 omnes
2039 2483 2149 2569 qui
2204 2507 2282 2550 ex

244 2567 588 2636 Claudiani
642 2570 1037 2637 carminibus
1092 2571 1375 2656 proferri
1427 2572 1687 2656 possint
1739 2594 1991 2658 versus,
2047 2574 2281 2658 quibus

239 2657 607 2725 Achilleida
632 2719 652 2734 ,
671 2659 966 2724 imitatus
1032 2659 1144 2743 sit,
1217 2682 1365 2726 cum
1440 2661 1608 2728 sicut
1661 2661 1940 2748 Vergilii
2003 2664 2283 2748 vestigia

240 2746 491 2814 Statius
517 2747 616 2813 ita
644 2746 837 2814 Statii
863 2752 1241 2832 persecutus
1282 2750 1370 2815 sit
1394 2754 1591 2834 poeta
1634 2750 1745 2816 ille
1773 2750 2279 2817 Alexandrinus,

238 2837 687 2923 Apollinarem
736 2836 1076 2904 Sidonium
1120 2838 1255 2902 iam
1301 2836 1724 2906 Marklandus
1778 2837 1892 2926 (ad
1940 2839 2093 2906 Silv.
2139 2840 2172 2906 I
2224 2843 2281 2924 1,

243 2928 356 3010 10)
404 2926 660 2994 ‘vocum
717 2924 1163 2992 Statianarum
1216 2931 1603 3012 perpetuum
1655 2929 1792 2996 fere
1849 2930 2277 3014 captatorem'

241 3037 382 3082 esse
429 3016 770 3100 iudicavit3
824 3016 903 3083 cf.
950 3015 1088 3082 eius
1145 3037 1342 3083 carm.
1388 3016 1451 3082 V
1502 3019 1581 3084 17
1641 3040 1786 3083 cum
1841 3017 2003 3084 Ach.
2050 3019 2083 3083 I
2130 3020 2281 3103 336,

236 3103 366 3171 VII
418 3106 543 3171 169
592 3125 739 3171 cum
795 3104 960 3171 Ach.
1004 3104 1038 3170 Ι
1095 3106 1255 3188 674,
1310 3105 1406 3171 IX
1458 3108 1588 3173 114
1633 3129 1771 3192 sqq.
1827 3130 1975 3174 cum
2033 3109 2191 3175 Ach.
2246 3110 2279 3175 I

237 3195 325 3260 20
371 3217 532 3280 sqq„
577 3194 767 3260 XXII
813 3195 902 3260 30
949 3217 1098 3261 cum
1142 3194 1304 3262 Ach.
1350 3196 1383 3261 Ι
1428 3197 1581 3263 288.
1673 3195 1937 3282 Septem
1986 3200 2279 3283 exempla

238 3304 314 3348 ex
343 3284 702 3351 Achilleide
730 3284 940 3371 petita
968 3284 1189 3350 attulit
1214 3284 1608 3369 PriscianuS,
1634 3286 1765 3353 tria
1791 3286 1986 3352 huius
2021 3288 2278 3355 auditor

238 3371 590 3458 Eutyches.
679 3372 991 3440 Fueritne
1037 3371 1377 3462 Achilleis,
1432 3380 1507 3442 ut
1560 3374 1720 3442 Otto
1775 3374 2127 3442 Muellerus
2176 3400 2277 3442 su-

243 3461 526 3547 spicatus
582 3466 685 3530 est
747 3461 1051 3549 (quaestt.
1111 3460 1305 3530 Statt.
1357 3487 1419 3550 p.
1477 3465 1536 3530 6.
1594 3461 1666 3552 8)
1730 3465 2076 3531 coniuncta
2131 3487 2277 3531 cum
