2517 3909
286 158 373 223 48
1005 159 1065 215 Ρ.
1103 158 1380 213 PAPINII
1419 158 1659 214 STATII

292 302 568 388 Sectari‚
618 308 730 369 aut
776 303 1040 368 timidas
1087 325 1324 388 passus
1369 326 1473 369 me
1521 303 1795 388 cuspide.
1830 304 2053 388 lyncas

291 391 616 479 Sternere,
664 394 777 458 sed
823 393 1051 457 tristes
1097 394 1363 459 turbare
1410 393 1734 476 cubilibus
1780 414 1972 458 ursos

182 497 263 537 410
288 481 783 566 Fulmineosque
831 504 1003 565 sues,
1051 486 1118 548 et
1165 482 1376 547 sicubi
1422 483 1709 547 maxima
1753 482 1948 567 tigris

287 570 426 636 Aut
473 572 737 637 seducta
781 572 954 657 iugis
1000 571 1172 636 fetae
1222 571 1531 655 spelunca
1578 571 1858 636 leaenae.
2221 586 2320 636 125

288 660 436 744 Ipse
484 661 713 726 sedens
758 664 945 724 vasto
992 661 1165 725 facta
1212 661 1634 745 exspectabat
1679 660 1748 724 in
1793 662 2010 744 antro,

290 747 358 812 Si
405 771 669 834 sparsus
717 770 956 834 magno
1002 770 1358 814 remearem
1406 749 1748 835 sanguine3
1793 771 1915 814 nec
1959 769 2064 813 me

287 838 458 902 Ante
504 839 630 903 nisi
675 838 988 922 inspectis
1035 838 1299 902 admisit
1346 838 1427 902 ad
1474 838 1696 903 oscula
1739 837 1908 903 telis.

184 942 262 982 415
287 925 554 1012 Iamque
601 931 668 993 et
713 928 793 992 ad
840 926 1154 992 ensiferos
1200 927 1420 993 vicina
1461 928 1632 1011 pube
1679 927 2000 992 tumultus

287 1016 610 1101 Aptabar‚
654 1039 773 1083 nec
818 1039 922 1081 me
967 1017 1102 1081 ulla
1144 1016 1271 1081 feri
1315 1014 1632 1082 Mavortis
1677 1016 1897 1100 imago
2219 1031 2320 1080 130

286 1105 652 1170 Praeteriit.
741 1105 983 1188 Didici,
1030 1126 1157 1188 quo
1203 1105 1492 1170 Paeones
1541 1126 1721 1169 arma
1765 1108 2014 1189 rotatu,

288 1193 431 1270 Quo
478 1194 770 1259 Macetae
817 1216 935 1259 sua
981 1214 1139 1279 gesa
1185 1194 1418 1279 citent,
1465 1216 1591 1279 quo
1638 1194 1898 1259 turbine
1945 1198 2213 1260 contum

288 1282 704 1348 Sauromates
750 1284 1109 1368 falcemque
1156 1281 1354 1348 Getes
1400 1305 1746 1367 arcumque
1792 1282 2079 1348 Gelonus

178 1388 263 1428 420
290 1372 629 1457 Tenderet,
677 1375 743 1436 et
787 1371 989 1437 flexae
1036 1371 1412 1437 Balearicus
1461 1374 1642 1437 actor
1684 1372 1978 1437 habenae

287 1460 427 1537 Quo
476 1482 791 1544 suspensa
834 1460 1103 1525 trahens
1148 1461 1422 1527 libraret
1457 1462 1728 1527 vulnera
1770 1464 1949 1526 tortu
2217 1477 2318 1527 135

283 1549 740 1635 Inclusumque
786 1571 903 1615 suo
950 1550 1385 1636 distingueret
1431 1572 1582 1615 aera
1628 1572 1808 1635 gyro,

283 1638 416 1702 Vix
463 1660 813 1704 memorem
860 1643 1152 1723 cunctos,
1200 1639 1327 1704 etsi
1371 1640 1535 1704 bene
1581 1640 1931 1725 gessimus,
1979 1641 2181 1706 actus.

287 1725 476 1792 Nunc
523 1729 709 1793 docet
753 1729 1051 1813 ingentes
1100 1728 1273 1792 saltu
1319 1751 1422 1793 me
1469 1729 1734 1814 iungere
1779 1728 2020 1813 fossas,

175 1833 257 1873 425
281 1814 471 1881 Nunc
517 1821 714 1901 caput
758 1818 919 1881 aerii
964 1818 1377 1883 scandentem
1422 1819 1733 1901 prendere
1778 1818 2049 1902 montis,

284 1903 422 1980 Quo
449 1905 702 1991 fugitur
728 1928 847 1990 per
872 1908 1071 1990 plana
1100 1907 1332 1992 gradu,
1372 1906 1844 1993 simulacraque
1872 1928 2128 1993 pugnae
2213 1924 2319 1974 140

279 1992 598 2079 Excipere
644 1995 973 2061 immissos
1021 1999 1287 2061 curvato
1334 1996 1615 2060 umbone
1662 1995 1966 2080 molareS,

282 2080 731 2169 Ardentesque
777 2085 1024 2149 intrare
1072 2107 1257 2149 casas
1303 2084 1712 2168 peditemque
1758 2085 2052 2150 volantes

287 2169 527 2237 Sistere
573 2173 1008 2259 quadriiugos.
1098 2172 1395 2255 Memini,
1442 2173 1896 2258 rapidissimus
1939 2174 2082 2239 ibat

170 2278 259 2318 430
283 2259 610 2326 Imbribus
658 2262 944 2327 adsiduis
989 2265 1221 2346 pastus
1267 2263 1651 2347 nivibusque
1699 2263 1931 2328 solutis

282 2347 639 2433 Spercheos
686 2352 993 2435 vivasque
1038 2352 1261 2416 trabes
1310 2356 1375 2416 et
1422 2374 1580 2418 saxa
1623 2351 1900 2417 ferebat:
2212 2368 2318 2418 145

423 2604 523 2656 122
569 2598 747 2653 lineas
784 2602 824 2649 P
862 2597 1114 2653 dammas
1151 2597 1303 2652 PoG²
1339 2599 1533 2653 damas
1560 2603 1616 2651 Π
1659 2600 1680 2670 ΙΙ
1729 2603 1828 2653 123
1876 2616 2032 2653 ursos
2068 2604 2109 2650 P
2154 2616 2318 2655 ursas

278 2671 439 2724 ceteri
463 2671 484 2740 ΙΙ
511 2676 614 2725 129
650 2671 882 2737 Iamque
920 2671 980 2724 et
1014 2668 1279 2725 ensiferos
1315 2675 1355 2722 P
1391 2672 1621 2740 Iamque
1659 2670 1731 2725 ad
1760 2668 2028 2724 ensiferos
2058 2676 2129 2725 Po
2143 2670 2317 2742 (121111

284 2746 384 2795 132
423 2743 649 2797 contum
675 2744 825 2793 AGI·
874 2742 963 2804 (nt
996 2742 1342 2796 scribendum
1378 2747 1702 2796 censuerant
1740 2742 1816 2793 M
1813 2742 2135 2795 atnrantzus
2171 2741 2312 2795 Bri·

278 2814 538 2867 tannieus
599 2811 910 2880 Bentleius)
962 2813 1210 2865 caestum
1273 2819 1316 2865 D
1374 2813 1495 2867 edd.
1551 2817 1677 2866 ante
1725 2811 2021 2881 Queekium
2079 2812 2312 2867 contum

275 2884 360 2937 vel
393 2883 588 2938 restim
623 2883 855 2951 Lipsius
891 2883 1135 2936 cestrum
1172 2882 1362 2953 Scaliy
1362 2900 1419 2937 er
1452 2884 1474 2953 ΙΙ
1522 2888 1622 2937 133
1662 2899 1965 2952 arcumque
2004 2882 2175 2938 Getes
2204 2883 2316 2938 fal-

278 2970 437 3023 cemq
440 2970 510 3009 ue
546 2954 793 3009 Gelonus
830 2953 1103 3008 Barthins
1129 2954 1149 3023 ΙΙ
1178 2959 1282 3009 134
1317 2956 1510 3009 textae
1561 2954 1827 3009 Menkins
1869 2955 1891 3024 ΙΙ
1937 2959 2040 3012 135
2078 2955 2318 3010 vulnera

275 3026 462 3080 tractu
480 3030 536 3078 Π
561 3026 580 3095 ΙΙ
610 3031 711 3079 136
735 3024 1129 3094 Inclusumque
1168 3043 1268 3081 suo
1306 3024 1679 3095 distingueret
1712 3030 1753 3079 P
1784 3025 2188 3082 Paris.11324
2226 3027 2315 3080 In·

277 3096 489 3151 clusum
528 3096 786 3166 quotiens
823 3095 1161 3167 discingeret
1195 3096 1348 3152 PeG²
1392 3096 1674 3151 Inclusum
1710 3096 1968 3166 quot-iens
2002 3096 2315 3168 distingue-

274 3169 364 3221 ret
399 3172 506 3220 ΕΗ
560 3168 841 3223 Inclusum
880 3168 1100 3238 quoties
1137 3166 1500 3237 distringeret
1535 3170 1653 3224 edd.
1681 3169 1702 3237 ΙΙ
1739 3173 1841 3222 137
1874 3168 2020 3223 bene
2047 3173 2087 3220 P
2141 3169 2314 3223 modo

275 3240 436 3293 ceteri
461 3240 482 3309 ΙΙ
510 3244 612 3293 138
650 3239 908 3310 ingentes
941 3244 982 3292 P
1027 3239 1245 3309 ingenti
1281 3240 1442 3294 ceteri
1481 3242 1489 3309 Ι
1537 3255 1628 3294 me
1663 3238 1885 3294 vincere
1931 3238 2278 3294 Schraderus
2306 3238 2316 3381 ι

277 3314 379 3363 139
428 3310 765 3379 pendentem
808 3310 1076 3366 scandere
1111 3311 1382 3366 Heinsius
1406 3311 1454 3392 ΙΙ
1508 3316 1609 3366 141
1669 3310 1889 3364 scutato
1942 3310 2277 3366 umboneP

278 3385 378 3434 142
411 3382 796 3453 Ardentesque
833 3398 1018 3437 errare
1054 3386 1095 3434 P
1147 3383 1168 3451 n
1223 3387 1327 3436 145
1364 3380 1635 3452 vivasque
1681 3381 1874 3436 trabes
1910 3386 1951 3435 P
2005 3381 2314 3453 vulsasque

179 3493 182 3502 .
267 3452 463 3508 trabes
498 3459 569 3507 Po
584 3454 719 3507 (3211
773 3453 1108 3521 avulsasque
1145 3457 1197 3505 Η
