2517 3909
415 129 495 192 82
1061 140 1126 191 P.
1172 139 1439 192 Parnm
1480 139 1712 193 s'rA‘rn

410 299 654 362 Nubilus
695 297 884 361 Arcas
926 308 1086 378 agan
1133 306 1336 360 contra
1379 315 1488 379 per
1528 297 1759 360 orbuina
1799 298 2032 376 functis,

412 386 523 462 Qui
563 385 761 465 plures
805 382 1034 463 Erebo,
1075 383 1392 463 pluresque
1431 401 1467 443 e
1500 385 1778 461 sanguine
1824 381 2045 462 Cadmi,

410 470 619 548 Angue
660 478 751 529 ter
794 483 1050 529 excusso
1089 478 1148 529 et
1190 468 1453 546 flagranti
1497 467 1735 548 praevia
1773 478 1934 545 taxo,
2284 477 2382 534 485

412 554 761 633 Tisiphone,
807 553 922 614 dux
961 552 1151 632 pande
1188 552 1372 629 diem,
1412 567 1525 613 nec
1569 553 1716 614 lucis
1759 562 2005 631 egentes

411 637 703 701 Cerberus
741 655 990 699 occursu
1037 637 1285 718 capitum
1327 646 1666 716 retorqueat
1700 637 1977 699 umbras.'

533 723 807 797 Dixerat,
847 731 907 783 et
946 723 1166 802 pariter
1195 719 1397 782 senior
1438 722 1828 808 Phoebeaque
1870 723 2039 800 virgo

406 808 672 870 Erexere
713 808 960 877 animos;
1003 807 1087 867 illi
1113 803 1428 867 rformidine
1467 807 1646 886 nulla,

409 893 641 971 Quippe
677 893 733 952 in
779 891 956 953 corde
1000 892 1179 968 deus,
1216 890 1407 951 solum
1442 901 1659 952 tremor
1698 889 1889 954 obruit
1923 893 2130 970 ingens
2282 900 2381 956 490

408 976 940 1058 Oedipodioniden,
986 977 1249 1054 vatisque
1285 975 1575 1038 horrenda
1610 976 1869 1037 canentis

406 1061 572 1122 Nunc
613 1061 918 1136 humeros,
956 1077 1106 1121 nunc
1144 1060 1247 1121 ille
1281 1076 1480 1122 manus
1523 1069 1583 1121 et
1625 1060 1850 1122 vellera
1892 1070 2126 1142 pressat

406 1146 662 1222 Anxius,
704 1145 1066 1225 inceptisque
1104 1144 1248 1206 velit
1289 1145 1574 1207 desistere
1615 1147 1820 1206 sacris·

531 1230 731 1305 Qualis
776 1228 1052 1290 Gaetulae
1087 1229 1469 1291 stabulantem
1509 1230 1579 1292 ad
1624 1229 1905 1308 confraga
1936 1231 2127 1291 silvae

404 1316 664 1377 Venator
705 1314 882 1391 longo
925 1323 1134 1375 motum
1172 1315 1430 1377 clamore
1473 1315 1702 1376 leonem
2285 1325 2383 1382 495

407 1399 729 1479 Expectat,
770 1399 998 1459 firmans
1037 1400 1281 1459 animum
1318 1409 1378 1460 et
1419 1400 1678 1461 sudantia
1721 1400 1849 1460 nisu

407 1484 550 1545 Tela
596 1500 893 1563 premens3
935 1483 1095 1562 gelat
1142 1500 1245 1545 ora
1280 1500 1499 1564 pavor,
1539 1497 1898 1563 gressusque
1938 1483 2300 1562 tremiscunt,

405 1569 550 1643 Quis
588 1569 780 1629 veniat
821 1569 1365 1648 quantusque,·sed
1402 1569 1633 1631 horrida
1675 1569 1840 1647 signa
1878 1568 2180 1630 frementis

408 1653 642 1732 Accipit
685 1662 745 1712 et
790 1670 967 1714 caeca
1007 1655 1239 1714 metitur
1278 1669 1559 1714 murmura
1604 1669 1760 1715 cura.
2061 1655 2066 1660 '

531 1735 725 1816 Atque
767 1736 860 1798 hic
894 1738 1152 1801 Tiresias
1193 1738 1441 1799 nondum
1474 1736 1913 1800 adventantibus
1954 1737 2204 1800 umbris:
2289 1752 2389 1805 sou

412 1821 693 1898 ‘Testor,
735 1822 842 1899 ait,
890 1822 1092 1900 divae,
1137 1822 1345 1901 quibus
1378 1822 1530 1883 hunc
1568 1823 1948 1884 saturavimus
1982 1823 2196 1901 ignem,

405 1906 713 1986 Laevaque
756 1903 1070 1967 convulsae
1117 1906 1377 1968 dedimus
1420 1906 1718 1968 carchesia
1757 1916 1972 1984 terrae,

404 1990 522 2051 lam
562 2006 793 2070 nequeo
836 1991 1092 2053 tolerare
1133 2008 1371 2052 moram.
1445 1989 1738 2052 cassusne
1776 1990 2063 2052 sacerdos

407 2072 667 2136 Andior?
706 2094 776 2136 an
816 2075 1019 2136 rabido
1057 2075 1250 2137 iubeat
1288 2077 1338 2136 si
1377 2075 1659 2137 Thessala
1693 2085 1860 2137 cautu

405 2156 609 2221 Ibitis?
655 2169 711 2220 et
754 2159 1043 2235 Scythicis
1085 2161 1354 2241 quotiens
1389 2161 1673 2222 medicata
1711 2160 1955 2221 venenis
2288 2174 2390 2228 505

406 2243 642 2305 Colchis
685 2253 856 2322 aget,
899 2245 1129 2324 trepido
1173 2244 1473 2325 pallebunt
1505 2254 1718 2307 tartara
1759 2242 1958 2306 motu?
2472 2261 2473 2268 ¹

404 2329 603 2389 Nostri
648 2347 785 2390 cura
824 2328 1042 2406 minor,
1088 2331 1137 2390 si
1179 2346 1295 2389 non
1328 2329 1611 2391 ‘attollere
1653 2329 1835 2390 bustis
1895 2326 1901 2331 ’

406 2413 702 2493 Corpora,
748 2431 862 2474 nec
896 2414 1103 2492 plenas
1145 2416 1394 2493 antiquis
1436 2410 1668 2476 ossibus
1704 2425 1905 2496 umas·

404 2497 701 2576 Egerere,
749 2508 808 2559 et
849 2500 1060 2559 mixtos
1094 2500 1371 2578 coelique
1404 2498 1701 2580 Erebique
1741 2498 1848 2559 sub
1886 2510 2056 2559 unum

404 2581 723 2643 Funestare
758 2582 904 2643 deos
943 2583 1120 2661 libet,
1165 2592 1259 2645 aut
1297 2586 1580 2662 exanguia
1623 2583 1784 2643 ferro
2291 2597 2391 2650 510

405 2665 520 2728 Ora
563 2668 759 2745 sequi,
803 2676 898 2727 aut
937 2684 1145 2745 aegras
1179 2670 1503 2731 functorum
1547 2683 1795 2748 carpere
1832 2665 2056 2728 fibras?

402 2750 492 2810 Ne
537 2760 742 2811 tenues
787 2766 969 2812 annos
1014 2753 1339 2833 nubemque
1377 2754 1522 2814 hanc
1558 2753 1764 2814 frontis
1798 2769 2050 2832 opacae,

403 2837 671 2915 Spernite
714 2854 824 2913 ne,
867 2852 1107 2915 moneo,
1154 2847 1212 2898 et
1243 2837 1414 2899 nobis
1449 2839 1678 2899 saevire
1724 2837 1986 2898 facultas.

402 2921 627 2981 Scimus
669 2921 817 2980 enim
855 2929 915 2980 et
947 2922 1218 3003 quidquid
1257 2922 1369 2984 dici
1408 2924 1690 3002 noscique
1731 2922 1966 2998 timetis,

401 3002 475 3065 Et
518 3003 749 3064 turbare
783 3003 1074 3086 Hecaten,
1115 3008 1171 3067 ni
1206 3015 1300 3084 te,
1345 3007 1740 3084 Thymbraee,
1779 3023 2043 3083 vererer,
2291 3019 2387 3072 515

275 3087 281 3100 '
399 3088 475 3148 Et
510 3089 758 3168 triplicis
798 3090 987 3151 mundi
1026 3109 1332 3169 summum,
1378 3108 1548 3171 quem
1590 3093 1745 3152 scire
1782 3091 2069 3152 nefastam
2106 3103 2228 3156 est.

398 3173 563 3235 Illum
605 3174 711 3234 sed
748 3177 949 3236 taceo:
995 3176 1268 3257 prohibet
1309 3176 1615 3257 tranquilia
1658 3185 1955 3237 senectus.-

398 3256 630 3337 Iamque
672 3276 786 3338 ego
825 3277 934 3320 vos
977 3266 1105 3319 —2
1188 3261 1373 3321 Avide
1416 3261 1624 3323 subicit
1665 3260 1960 3322 Phoebeia
2001 3259 2235 3323 Manto:

526 3342 827 3421 ‘AudiriS,
865 3347 1127 3423 genitor,
1171 3345 1496 3425 vulgusque
1535 3364 1801 3427 exangue
1842 3348 2216 3427 propinquat.

397 3423 663 3487 Panditur
705 3426 962 3505 Elysium
1006 3429 1220 3508 chaos,
1265 3438 1325 3490 et
1367 3430 1594 3493 telluris
1636 3441 1882 3513 opertae
2286 3440 2392 3494 520
