2517 3909
233 144 320 209 38
961 141 1025 197 P.
1061 140 1339 204 PAPINII
1377 139 1621 196 STATII
1703 185 1708 190 .

232 288 566 354 Libertate
612 288 824 354 doma.
896 286 1028 352 iam
1073 285 1269 352 flendi
1315 286 1572 370 expleta
1617 286 1919 369 uoluptas
1933 284 1968 349 ?
2312 298 2385 348 15

232 375 456 442 Iamne
501 398 725 462 preces
773 376 981 444 fessus
1028 396 1164 442 non
1207 375 1567 461 indignaris
1614 374 1855 440 amicas
1870 373 1905 437 ‘2

236 464 463 533 Iamne
509 464 783 532 cana'm‘?
856 464 1141 532 lacrimis
1188 486 1270 529 en
1301 469 1383 529 -et
1426 486 1573 530 mea
1618 464 1906 529 carmina
1947 463 2019 529 in
2063 462 2208 549 ipso

233 554 360 620 Ore
404 557 644 620 natant
684 555 1033 641 tristesque
1074 554 1322 644 cadunt
1363 554 1433 620 in
1459 553 1675 636 uerba
1719 553 1969 620 liturae.

229 642 382 727 Ipse
428 644 670 708 etenim
715 647 930 711 tecum
972 643 1201 732 nigrae
1246 643 1612 718 sollemnia
1627 663 1905 726 pompae
2153 703 2158 710 ,
2511 695 2512 726 5

231 730 731 820 Spectatumque
776 734 923 799 urbi
968 733 1179 799 scelus
1223 735 1292 797 et
1333 732 1580 817 puerile
1625 733 1940 798 feretrum
2307 746 2383 796 20
2511 805 2512 812 ἵ

233 819 535 901 Produxi,
582 843 814 890 saeuos
862 821 1151 888 damnati
1193 821 1359 887 turis
1403 842 1673 898 aceruos
2509 817 2512 906 i

229 909 730 997 Plorantemque
779 911 1063 976 animam
1110 933 1307 995 supra
1354 933 1473 982 sua
1516 910 1747 976 funera
1790 909 1964 994 uidi„
2127 961 2140 986 ⁴,
2511 915 2512 918 ’

230 998 451 1084 Teque
495 1003 758 1084 patrum
804 1000 1085 1086 gemitus
1132 999 1549 1084 superantem
1594 1002 1661 1064 et
1703 999 1976 1064 brachia
2015 1002 2307 1068 matrum

229 1086 777 1173 Complexumque
822 1110 1020 1175 rogos
1064 1089 1411 1175 ignemque
1456 1087 1714 1154 haurire
1755 1090 2100 1171 parantem

227 1176 360 1242 Uix
402 1178 585 1243 tenui
632 1178 861 1251 similis
909 1195 1125 1246 comes
1171 1177 1537 1262 offendique
1580 1177 1879 1242 tenendo.
2311 1190 2386 1242 25

231 1265 323 1330 Et
367 1288 544 1331 nunc
555 1317 574 1350 ‚
618 1267 776 1352 heu,
820 1267 1006 1334 uittis
1052 1271 1120 1332 et
1162 1266 1401 1334 frontis
1446 1266 1689 1334 honore
1736 1265 1951 1331 soluto

228 1353 567 1421 Infaustus
613 1359 799 1421 uates
845 1377 1009 1421 nexo
1055 1378 1201 1433 mea
1244 1359 1511 1441 pectora
1554 1358 1796 1424 tecum:

227 1441 480 1531 Plango
525 1445 699 1529 lyra,
746 1449 813 1509 et
859 1444 982 1510 diri
1028 1445 1333 1511 comitem
1380 1445 1752 1530 sociumque
1798 1443 2042 1509 doloris
2055 1495 2074 1529 ,

233 1529 305 1597 Si
351 1533 559 1597 merui
604 1533 945 1618 luctusque
990 1535 1090 1599 tui
1135 1534 1465 1602 consortia
1510 1535 1708 1619 sensi,

229 1620 373 1685 Iam
416 1622 583 1686 lenis
628 1622 880 1707 patiare
926 1644 1170 1706 precor.
1245 1641 1350 1687 me
1394 1623 1668 1688 fulmine
1711 1622 1783 1687 in
1824 1622 1967 1706 ipso
2314 1638 2392 1687 30

227 1708 553 1775 Audiuere
596 1713 837 1795 patres,
892 1732 1013 1798 ego
1059 1712 1242 1777 iuxta
1285 1712 1482 1777 busta
1525 1712 1810 1796 profusis

224 1797 548 1864 Matr-ibus
596 1802 789 1886 atque
834 1799 960 1884 piis
1008 1800 1212 1882 cecini
1259 1800 1493 1866 solatia
1536 1800 1712 1865 natis

227 1887 320 1953 Et
366 1888 552 1972 mihi,
600 1910 747 1954 cum
792 1889 1086 1974 proprios
1133 1889 1460 1980 gemerem
1506 1888 1794 1954 defectus
1842 1888 1924 1953 ad
1967 1889 2152 1974 ignes

229 1973 498 2062 (Quem,
544 1975 863 2065 Natural)
908 1980 1181 2063 patrem.
1251 2000 1374 2044 nec
1419 1981 1487 2044 te
1531 1978 1755 2064 lugere
1801 1997 2061 2042 seuerus

226 2068 467 2151 Arceo,
515 2067 625 2131 sed
674 2067 898 2132 confer
943 2066 1223 2153 gemitus
1269 2067 1639 2154 pariterque
1682 2067 1968 2131 fleamus.
2315 2082 2391 2132 35

222 2153 611 2220 Iamdudum
655 2155 889 2240 dignos
936 2155 1148 2221 aditus
1194 2155 1590 2241 laudumque
1630 2159 1921 2238 tuarum,

223 2243 280 2309 Ο
328 2243 559 2308 merito
607 2244 837 2309 dilecte
881 2265 1071 2329 puer,
1115 2244 1475 2332 primordia
1520 2264 1835 2329 quaerens

224 2330 589 2398 Distrahor.
662 2332 814 2398 hinc
860 2334 1015 2399 anni
1062 2337 1311 2400 stantes
1357 2335 1430 2399 in
1473 2333 1699 2398 limine
1744 2333 1948 2416 uitae,

225 2419 397 2486 Hinc
442 2442 547 2485 me
591 2420 806 2487 forma
849 2421 1051 2507 rapit,
1096 2423 1273 2508 rapit
1315 2422 1465 2488 inde
1509 2422 1830 2494 modestia
1872 2442 2150 2507 praecox

222 2509 315 2574 Et
354 2510 565 2592 pudor
611 2513 678 2574 et
720 2514 949 2576 tenero
996 2513 1289 2599 grauitas
1335 2511 1651 2576 maturior
1695 2532 1876 2576 aeuo.
2151 2579 2156 2586 ,
2309 2527 2386 2577 4ο

227 2597 281 2663 Ο
330 2598 445 2663 ubi
488 2620 814 2682 purpureo
864 2600 1146 2664 suffusus
1193 2600 1510 2685 sanguine
1555 2599 1796 2664 candor
2222 2625 2226 2634 ·

226 2685 598 2773 Sidereique
645 2688 837 2752 orbes
881 2688 1260 2773 radiataque
1306 2687 1554 2753 lumina
1599 2688 1778 2752 caelo
1961 2717 1969 2728 ·
2081 2735 2084 2740 -

219 2774 315 2840 Et
360 2776 719 2864 castigatae
766 2777 1042 2843 collecta
1088 2777 1409 2842 modestia
1451 2775 1689 2846 frontis

223 2863 628 2950 Ingenuique
674 2886 872 2949 super
916 2865 1126 2931 crines
1173 2865 1514 2949 mollisque
1560 2863 1828 2929 decorae
2103 2885 2110 2892 ·

222 2951 454 3040 Margo
502 2954 769 3019 comae?
840 2954 1103 3019 blandis
1147 2954 1414 3019 ubinam
1458 2973 1577 3018 ora
1615 2955 1853 3037 arguta
1896 2954 2178 3036 querelis
2235 3003 2240 3008 -
2310 2969 2383 3020 45

364 3204 433 3254 16
468 3199 661 3256 Iamne
698 3202 771 3254 A:
810 3199 1041 3268 Iamque
1079 3203 1114 3249 c
1140 3199 1162 3266 ss
1187 3202 1257 3251 20
1292 3200 1429 3266 puto
1464 3196 1593 3260 urbi
1628 3196 1845 3266 decus!
1888 3202 1957 3251 27
1998 3213 2142 3253 nexo
2178 3199 2387 3262 Bam..-

219 3286 386 3328 nersa
422 3276 458 3323 c
492 3288 657 3328 uerso
696 3276 732 3325 ς
772 3288 806 3323 a
849 3271 870 3338 11
916 3273 985 3325 28
1023 3268 1105 3339 et]
1138 3270 1203 3326 at
1237 3267 1399 3326 Dom.
1448 3284 1518 3322 en
1558 3267 1776 3328 Markl„
1801 3269 1830 3333 ,1,
1865 3266 1974 3321 diri
2013 3272 2050 3323 ς
2088 3286 2153 3323 a:
2204 3270 2310 3328 diu
2348 3275 2386 3323 ο

218 3340 597 3467 ῗέεήῦλέωνῶῖ.
643 3343 664 3412 ΙΙ
709 3347 779 3397 30
817 3358 908 3396 me
946 3339 1136 3395 Dom..·
1172 3338 1289 3393 iam
1324 3343 1361 3390 c
1398 3356 1432 3391 a
1469 3339 1490 3406 u
1528 3342 1597 3393 40
1634 3337 1883 3436 grauitas
1916 3339 2149 3408 scripfli:
2183 3341 2385 3410 probi-
