2517 3909
946 151 1325 210 summm
1358 152 1422 208 L.
1461 153 1531 222 11,
1568 160 1619 210 2.
2286 157 2376 223 45

226 298 321 365 Et
367 298 601 364 dubios
649 318 838 363 casus
885 300 951 363 et
995 319 1227 366 caecae
1270 298 1522 368 lubrica
1565 298 1740 364 uitae

225 387 507 475 Effugit,
549 387 861 454 immunis
906 386 1042 454 fati.
1130 409 1269 470 non
1311 387 1424 453 ille
1469 387 1750 474 rogauit,

226 476 391 543 Non
432 476 655 541 timuit
695 475 994 543 renuitae
1037 476 1236 543 mori.
1298 499 1420 545 nos
1467 478 1662 546 anxia
1703 478 1948 581 plebes,

228 564 374 632 Nos
420 565 660 650 miseri,
705 565 938 651 quibus
981 565 1153 634 unde
1200 565 1336 631 dies
1384 588 1703 651 suprema,
1740 567 1886 654 quis
1928 567 2073 633 aeui

234 654 494 735 Exitus,
538 654 879 738 incertum,
923 655 1157 741 quibus
1203 655 1407 721 instet
1449 655 1698 726 fulmen
1739 656 1827 721 ab
1875 656 2089 740 astris,
2270 673 2373 724 225

230 744 416 821 Quae
462 744 669 810 nubes
714 744 914 812 fatale
962 746 1169 812 sonet.
1256 744 1356 809 nil
1400 744 1681 814 flecteris
1728 745 1920 811 istis?

230 832 366 899 Sed
410 832 667 900 flectere
710 832 943 900 libens.
1033 832 1185 900 ades
1231 832 1360 899 huc
1406 833 1677 900 emissus
1721 834 1807 899 ab
1855 836 1997 900 atro

227 921 512 1007 Limine,
556 920 660 987 cui
706 921 828 987 soli
875 925 1107 988 cuncta
1151 922 1506 1007 impetrare
1551 920 1856 1009 facultas,

228 1010 510 1077 Glaucia
555 1007 735 1098 (nam
778 1010 1072 1079 insontes
1117 1011 1368 1078 animas
1412 1033 1534 1077 nec
1564 1013 1860 1102 portitor
1902 1015 2080 1080 arcet

228 1098 375 1165 Nec
421 1099 619 1165 durae
667 1121 882 1169 comcs
927 1100 1038 1165 ille
1082 1098 1319 1186 ferae):
1365 1104 1439 1166 tu
1482 1104 1748 1185 pectora
1791 1101 2019 1184 mulce,
2269 1116 2373 1166 230

230 1188 338 1253 Tu
379 1189 656 1274 prohibe
701 1210 966 1256 manare
1012 1209 1215 1291 genas
1259 1193 1611 1275 noctesque
1654 1190 1883 1257 beatas

226 1276 550 1343 Dulcibus
591 1277 896 1363 alloquiis
944 1282 1011 1344 ct
1053 1278 1227 1344 uiuis
1273 1278 1567 1346 uultibus
1610 1279 1836 1366 imple3

226 1365 323 1431 Et
367 1366 637 1452 periisse
682 1387 854 1453 nega
900 1363 1392 1454 desolatamque
1433 1390 1742 1452 sororem,

230 1454 360 1531 Qui
404 1458 614 1540 potes,
661 1459 728 1521 et
772 1456 1045 1522 miseros
1089 1476 1290 1542 perge
1334 1457 1661 1526 insinuare
1704 1461 2029 1544 parentes.

1267 1703 1353 1772 ΙΙ.

626 1824 850 1881 UILLA
888 1824 1368 1884 SURRENTINA
1403 1827 1648 1884 POLLII
1685 1825 1981 1896 FELICIS.

222 1933 351 2000 Est
395 1934 572 1999 inter
613 1937 807 2000 notos
856 1933 1156 2001 Sirenum
1199 1937 1462 2002 nomine
1508 1955 1727 2002 muros

224 2023 530 2109 Saxaque
576 2021 950 2109 Tyrrhenae
994 2025 1255 2110 templis
1303 2029 1571 2091 onerata
1614 2023 1947 2091 Mineruae

224 2110 420 2182 Celsa
463 2112 808 2177 Dicarchei
854 2114 1247 2198 speculatrix
1290 2114 1449 2179 uilla
1476 2153 1480 2162 ·
1491 2112 1813 2199 profundi,
2015 2115 2020 2119 ’

224 2201 371 2278 Qua
415 2200 686 2266 Bromio
730 2201 1003 2284 dilectus
1051 2223 1223 2289 ager,
1271 2204 1593 2289 collesque
1638 2225 1754 2288 per
1799 2202 1966 2268 altos

220 2290 463 2358 Uritur
508 2294 575 2355 et
617 2291 857 2374 praelis
901 2313 1039 2357 non
1083 2292 1338 2357 inuidet
1379 2313 1510 2357 uua
1554 2291 1866 2357 Falernis.
2340 2304 2372 2353 5

222 2379 378 2444 Huc
426 2400 531 2444 me
576 2383 728 2462 post
771 2381 971 2464 patrii
1015 2381 1260 2445 laetum
1307 2382 1748 2466 quinquennia
1792 2379 2008 2462 lustri,

225 2466 397 2534 Cum
446 2467 657 2533 sssadio
703 2468 836 2533 iam
880 2470 1072 2555 pigra
1116 2471 1302 2554 quies
1344 2492 1669 2556 canusque
1717 2471 1969 2538 sederet

222 2555 477 2642 Puluis,
521 2556 605 2621 ad
650 2557 1034 2623 Ambracias
1079 2577 1395 2626 conuersa
1440 2561 1766 2645 gymnade
1805 2556 2090 2640 frondes,

225 2646 443 2711 Trans
490 2645 736 2731 gentile
781 2646 1021 2713 fretum
1065 2647 1306 2731 placidi
1350 2648 1656 2714 facundia
1699 2647 1868 2713 Polli
2145 2649 2154 2658 '
2275 2667 2280 2670 ·

224 2735 489 2800 Detulit
534 2738 601 2800 et
644 2735 890 2801 nitidae
936 2736 1238 2802 iuuenilis
1288 2738 1502 2822 gratia
1545 2735 1785 2820 Pollae,
2067 2730 2074 2738 ’
2305 2747 2374 2796 10

222 2824 525 2890 Flectere
570 2824 700 2888 iam
748 2825 1067 2910 cupidum·
1100 2846 1381 2910 gressuS,
1427 2846 1555 2909 qua
1600 2825 1803 2890 limite
1850 2826 2009 2890 noto

223 2913 450 2999 Appia
494 2913 840 2999 longai-qm
885 2915 1119 2979 teritur
1162 2915 1391 2999 regina
1434 2914 1706 2979 uiarum.

374 3218 481 3270 222
518 3212 654 3270 fatis
690 3218 726 3265 c
762 3231 796 3267 a
821 3214 842 3284 u
869 3219 973 3268 223
1009 3212 1268 3272 renuitae
1303 3214 1597 3271 Heinsius:
1634 3214 1910 3270 meruime
1946 3218 1982 3265 c
2019 3212 2112 3281 ⁸·ss
2149 3215 2253 3266 226
2290 3224 2374 3263 80-

221 3289 327 3341 not
364 3291 427 3341 σε
467 3285 669 3341 sonent
706 3288 742 3338 ς
781 3303 815 3339 a
849 3286 870 3353 ΙΙ
906 3290 1010 3339 227
1050 3286 1175 3340 atro
1214 3289 1277 3341 3:
1316 3288 1468 3341 astro
1505 3289 1552 3340 Δ
1589 3291 1625 3339 c
1659 3289 1680 3357 u
1720 3291 1824 3340 229
1863 3283 2099 3341 Glaucia
2131 3282 2377 3338 insontes

216 3363 271 3414 A
289 3357 323 3391 *
341 3362 379 3410 0
428 3354 695 3413 Glaucias
735 3355 986 3411 insontes
1026 3361 1098 3425 ‘33
1142 3373 1276 3412 nam
1319 3358 1480 3413 Dom.
1527 3354 1764 3414 imm-uit
1806 3358 1827 3425 Ι
1871 3362 1976 3411 230
2022 3354 2179 3409 dirae
2214 3353 2373 3408 Dom.

219 3427 243 3502 ΙΙ
282 3434 393 3485 234
432 3427 545 3494 Qui
581 3432 627 3481 Δ
665 3433 724 3482 c:
764 3426 888 3493 Qua
923 3427 1088 3482 Dom.
