<?xml version="1.0" encoding="UTF-8"?>
<!DOCTYPE html PUBLIC "-//W3C//DTD XHTML 1.0 Transitional//EN"
    "http://www.w3.org/TR/xhtml1/DTD/xhtml1-transitional.dtd">
<html xmlns="http://www.w3.org/1999/xhtml" xml:lang="en" lang="en">
 <head>
  <title>
</title>
<meta http-equiv="Content-Type" content="text/html;charset=utf-8" />
  <meta name='ocr-system' content='tesseract 3.04.00' />
  <meta name='ocr-capabilities' content='ocr_page ocr_carea ocr_par ocr_line ocrx_word'/>
</head>
<body>
  <div class='ocr_page' id='page_1' title='image "./ppapiniusstatiu00placgoog_0492.png"; bbox 0 0 2517 3909; ppageno 0'>
   <div class='ocr_carea' id='block_1_1' title="bbox 358 106 1684 181">
    <p class='ocr_par' dir='ltr' id='par_1_1' title="bbox 358 106 1684 181">
     <span class='ocr_line' id='line_1_1' title="bbox 358 106 1684 181; baseline 0.002 -13"><span class='ocrx_word' id='word_1_1' title='bbox 358 106 480 170; x_wconf 83' lang='lat'><strong>192</strong></span> <span class='ocrx_word' id='word_1_2' title='bbox 633 153 638 159; x_wconf 84' lang='grc'><strong>.</strong></span> <span class='ocrx_word' id='word_1_3' title='bbox 1023 121 1089 169; x_wconf 78' lang='lat'><strong>1².</strong></span> <span class='ocrx_word' id='word_1_4' title='bbox 1107 174 1114 181; x_wconf 68' lang='grc'>,</span> <span class='ocrx_word' id='word_1_5' title='bbox 1130 121 1400 171; x_wconf 63' lang='lat' dir='ltr'><strong>Parnm</strong></span> <span class='ocrx_word' id='word_1_6' title='bbox 1450 120 1684 171; x_wconf 69' lang='lat' dir='ltr'><strong>sum</strong></span> 
     </span>
    </p>
   </div>
   <div class='ocr_carea' id='block_1_2' title="bbox 354 274 2443 1965">
    <p class='ocr_par' dir='ltr' id='par_1_2' title="bbox 358 274 2352 356">
     <span class='ocr_line' id='line_1_2' title="bbox 358 274 2352 356; baseline 0.004 -18"><span class='ocrx_word' id='word_1_7' title='bbox 358 274 661 356; x_wconf 86' lang='lat' dir='ltr'><strong>Corpora;</strong></span> <span class='ocrx_word' id='word_1_8' title='bbox 706 293 820 337; x_wconf 87' lang='lat' dir='ltr'><strong>nec</strong></span> <span class='ocrx_word' id='word_1_9' title='bbox 862 284 1044 356; x_wconf 88' lang='lat' dir='ltr'><strong>ponto</strong></span> <span class='ocrx_word' id='word_1_10' title='bbox 1084 275 1352 339; x_wconf 87' lang='lat' dir='ltr'><strong>submota</strong></span> <span class='ocrx_word' id='word_1_11' title='bbox 1399 277 1651 340; x_wconf 80' lang='lat' dir='ltr'><strong>intrabat</strong></span> <span class='ocrx_word' id='word_1_12' title='bbox 1696 295 1945 343; x_wconf 81' lang='lat' dir='ltr'><strong>amaram</strong></span> <span class='ocrx_word' id='word_1_13' title='bbox 2259 289 2352 346; x_wconf 76' lang='grc'><strong>370</strong></span> 
     </span>
    </p>

    <p class='ocr_par' dir='ltr' id='par_1_3' title="bbox 355 360 1868 441">
     <span class='ocr_line' id='line_1_3' title="bbox 355 360 1868 441; baseline 0.001 -18"><span class='ocrx_word' id='word_1_14' title='bbox 355 361 609 437; x_wconf 89' lang='lat' dir='ltr'><strong>Dorida,</strong></span> <span class='ocrx_word' id='word_1_15' title='bbox 656 377 995 441; x_wconf 87' lang='lat' dir='ltr'><strong>possessum</strong></span> <span class='ocrx_word' id='word_1_16' title='bbox 1036 360 1227 424; x_wconf 87' lang='lat' dir='ltr'><strong>donec</strong></span> <span class='ocrx_word' id='word_1_17' title='bbox 1265 363 1380 423; x_wconf 89' lang='lat' dir='ltr'><strong>iam</strong></span> <span class='ocrx_word' id='word_1_18' title='bbox 1421 360 1691 424; x_wconf 81' lang='lat' dir='ltr'><strong>fluctibus</strong></span> <span class='ocrx_word' id='word_1_19' title='bbox 1734 363 1868 425; x_wconf 88' lang='lat' dir='ltr'><strong>altis</strong></span> 
     </span>
    </p>

    <p class='ocr_par' dir='ltr' id='par_1_4' title="bbox 354 445 1880 527">
     <span class='ocr_line' id='line_1_4' title="bbox 354 445 1880 527; baseline 0.003 -22"><span class='ocrx_word' id='word_1_20' title='bbox 354 445 669 506; x_wconf 81' lang='lat' dir='ltr'><strong>Nereidum</strong></span> <span class='ocrx_word' id='word_1_21' title='bbox 711 447 980 507; x_wconf 89' lang='lat' dir='ltr'><strong>miserata</strong></span> <span class='ocrx_word' id='word_1_22' title='bbox 1027 446 1243 507; x_wconf 82' lang='lat' dir='ltr'><strong>cohors</strong></span> <span class='ocrx_word' id='word_1_23' title='bbox 1282 445 1354 508; x_wconf 87' lang='lat' dir='ltr'><strong>ad</strong></span> <span class='ocrx_word' id='word_1_24' title='bbox 1394 456 1641 527; x_wconf 77' lang='lat' dir='ltr'>pectora</span> <span class='ocrx_word' id='word_1_25' title='bbox 1681 449 1880 509; x_wconf 88' lang='lat' dir='ltr'><strong>matris</strong></span> 
     </span>
    </p>

    <p class='ocr_par' dir='ltr' id='par_1_5' title="bbox 355 530 1966 611">
     <span class='ocr_line' id='line_1_5' title="bbox 355 530 1966 611; baseline 0 -19"><span class='ocrx_word' id='word_1_26' title='bbox 355 530 601 610; x_wconf 86' lang='lat' dir='ltr'><strong>lupulit;</strong></span> <span class='ocrx_word' id='word_1_27' title='bbox 658 530 757 591; x_wconf 92' lang='lat' dir='ltr'><strong>illa</strong></span> <span class='ocrx_word' id='word_1_28' title='bbox 783 549 962 595; x_wconf 79' lang='lat' dir='ltr'><strong>,manu</strong></span> <span class='ocrx_word' id='word_1_29' title='bbox 1005 549 1115 591; x_wconf 89' lang='lat' dir='ltr'><strong>ceu</strong></span> <span class='ocrx_word' id='word_1_30' title='bbox 1155 532 1349 592; x_wconf 83' lang='lat' dir='ltr'><strong>vivum</strong></span> <span class='ocrx_word' id='word_1_31' title='bbox 1392 532 1662 611; x_wconf 83' lang='lat' dir='ltr'><strong>amplexa</strong></span> <span class='ocrx_word' id='word_1_32' title='bbox 1703 542 1966 611; x_wconf 81' lang='lat' dir='ltr'><strong>reportat</strong></span> 
     </span>
    </p>

    <p class='ocr_par' dir='ltr' id='par_1_6' title="bbox 356 615 2443 695">
     <span class='ocr_line' id='line_1_6' title="bbox 356 615 2443 695; baseline 0.002 -20"><span class='ocrx_word' id='word_1_33' title='bbox 356 615 745 694; x_wconf 89' lang='lat' dir='ltr'><strong>Insternitque</strong></span> <span class='ocrx_word' id='word_1_34' title='bbox 785 616 929 676; x_wconf 86' lang='lat' dir='ltr'><strong>toris</strong></span> <span class='ocrx_word' id='word_1_35' title='bbox 970 616 1222 695; x_wconf 89' lang='lat' dir='ltr'><strong>riparum</strong></span> <span class='ocrx_word' id='word_1_36' title='bbox 1267 625 1440 695; x_wconf 89' lang='lat' dir='ltr'><strong>atque</strong></span> <span class='ocrx_word' id='word_1_37' title='bbox 1482 615 1711 677; x_wconf 89' lang='lat' dir='ltr'><strong>humida</strong></span> <span class='ocrx_word' id='word_1_38' title='bbox 1752 619 1936 678; x_wconf 84' lang='lat' dir='ltr'><strong>siccat</strong></span> <span class='ocrx_word' id='word_1_39' title='bbox 2442 676 2443 679; x_wconf 74' lang='grc'>,</span> 
     </span>
    </p>

    <p class='ocr_par' dir='ltr' id='par_1_7' title="bbox 359 699 2353 864">
     <span class='ocr_line' id='line_1_7' title="bbox 359 699 2353 780; baseline 0.001 -20"><span class='ocrx_word' id='word_1_40' title='bbox 359 699 633 761; x_wconf 79' lang='lat' dir='ltr'>Mollibus</span> <span class='ocrx_word' id='word_1_41' title='bbox 675 717 779 761; x_wconf 88' lang='lat' dir='ltr'><strong>ora</strong></span> <span class='ocrx_word' id='word_1_42' title='bbox 819 700 1035 775; x_wconf 88' lang='lat' dir='ltr'><strong>comis,</strong></span> <span class='ocrx_word' id='word_1_43' title='bbox 1080 709 1252 780; x_wconf 88' lang='lat' dir='ltr'><strong>atque</strong></span> <span class='ocrx_word' id='word_1_44' title='bbox 1293 700 1443 761; x_wconf 89' lang='lat' dir='ltr'><strong>haec</strong></span> <span class='ocrx_word' id='word_1_45' title='bbox 1483 700 1796 762; x_wconf 89' lang='lat' dir='ltr'><strong>ululatibus</strong></span> <span class='ocrx_word' id='word_1_46' title='bbox 1837 701 2025 762; x_wconf 84' lang='lat' dir='ltr'><strong>addit:</strong></span> <span class='ocrx_word' id='word_1_47' title='bbox 2259 713 2353 768; x_wconf 80' lang='lat'><strong>375</strong></span> 
     </span>
     <span class='ocr_line' id='line_1_8' title="bbox 486 783 1987 864; baseline 0.001 -20"><span class='ocrx_word' id='word_1_48' title='bbox 486 784 650 844; x_wconf 72' lang='lat' dir='ltr'><strong>‘Hoc</strong></span> <span class='ocrx_word' id='word_1_49' title='bbox 691 784 796 844; x_wconf 91' lang='lat' dir='ltr'><strong>tibi</strong></span> <span class='ocrx_word' id='word_1_50' title='bbox 836 783 1081 844; x_wconf 82' lang='lat' dir='ltr'><strong>semidei</strong></span> <span class='ocrx_word' id='word_1_51' title='bbox 1122 803 1323 847; x_wconf 88' lang='lat' dir='ltr'><strong>munus</strong></span> <span class='ocrx_word' id='word_1_52' title='bbox 1367 785 1623 846; x_wconf 88' lang='lat' dir='ltr'><strong>tribuere</strong></span> <span class='ocrx_word' id='word_1_53' title='bbox 1667 784 1987 864; x_wconf 75' lang='lat' dir='ltr'><strong>parentes?</strong></span> 
     </span>
    </p>

    <p class='ocr_par' dir='ltr' id='par_1_8' title="bbox 358 865 2064 949">
     <span class='ocr_line' id='line_1_9' title="bbox 358 865 2064 949; baseline 0.001 -20"><span class='ocrx_word' id='word_1_54' title='bbox 358 868 487 930; x_wconf 92' lang='lat' dir='ltr'><strong>Nec</strong></span> <span class='ocrx_word' id='word_1_55' title='bbox 530 868 791 929; x_wconf 88' lang='lat' dir='ltr'><strong>mortalis</strong></span> <span class='ocrx_word' id='word_1_56' title='bbox 830 865 1014 930; x_wconf 72' lang='lat' dir='ltr'><strong>avus?</strong></span> <span class='ocrx_word' id='word_1_57' title='bbox 1059 871 1145 929; x_wconf 89' lang='lat' dir='ltr'><strong>sic</strong></span> <span class='ocrx_word' id='word_1_58' title='bbox 1189 878 1393 929; x_wconf 90' lang='lat' dir='ltr'><strong>nostro</strong></span> <span class='ocrx_word' id='word_1_59' title='bbox 1431 871 1491 931; x_wconf 90' lang='lat' dir='ltr'><strong>in</strong></span> <span class='ocrx_word' id='word_1_60' title='bbox 1526 871 1757 947; x_wconf 86' lang='lat' dir='ltr'><strong>gurgite</strong></span> <span class='ocrx_word' id='word_1_61' title='bbox 1802 869 2064 949; x_wconf 76' lang='lat' dir='ltr'><strong>regnas?</strong></span> 
     </span>
    </p>

    <p class='ocr_par' dir='ltr' id='par_1_9' title="bbox 359 953 1833 1033">
     <span class='ocr_line' id='line_1_10' title="bbox 359 953 1833 1033; baseline 0.001 -20"><span class='ocrx_word' id='word_1_62' title='bbox 359 953 554 1014; x_wconf 80' lang='lat' dir='ltr'><strong>Mitior</strong></span> <span class='ocrx_word' id='word_1_63' title='bbox 593 953 708 1014; x_wconf 89' lang='lat' dir='ltr'><strong>heu</strong></span> <span class='ocrx_word' id='word_1_64' title='bbox 754 956 969 1014; x_wconf 89' lang='lat' dir='ltr'><strong>misero</strong></span> <span class='ocrx_word' id='word_1_65' title='bbox 1017 954 1244 1014; x_wconf 83' lang='lat' dir='ltr'><strong>discors</strong></span> <span class='ocrx_word' id='word_1_66' title='bbox 1286 953 1591 1033; x_wconf 84' lang='lat' dir='ltr'><strong>alienaque</strong></span> <span class='ocrx_word' id='word_1_67' title='bbox 1637 955 1833 1030; x_wconf 76' lang='lat' dir='ltr'><strong>telluS,</strong></span> 
     </span>
    </p>

    <p class='ocr_par' dir='ltr' id='par_1_10' title="bbox 358 1035 1915 1118">
     <span class='ocr_line' id='line_1_11' title="bbox 358 1035 1915 1118; baseline 0.001 -21"><span class='ocrx_word' id='word_1_68' title='bbox 358 1035 554 1099; x_wconf 85' lang='lat' dir='ltr'><strong>Mitior</strong></span> <span class='ocrx_word' id='word_1_69' title='bbox 597 1038 746 1099; x_wconf 90' lang='lat' dir='ltr'><strong>unda</strong></span> <span class='ocrx_word' id='word_1_70' title='bbox 786 1040 990 1116; x_wconf 85' lang='lat' dir='ltr'><strong>maris,</strong></span> <span class='ocrx_word' id='word_1_71' title='bbox 1038 1057 1188 1118; x_wconf 90' lang='lat' dir='ltr'><strong>quae</strong></span> <span class='ocrx_word' id='word_1_72' title='bbox 1227 1040 1387 1100; x_wconf 87' lang='lat' dir='ltr'><strong>iuxta</strong></span> <span class='ocrx_word' id='word_1_73' title='bbox 1428 1038 1658 1099; x_wconf 87' lang='lat' dir='ltr'><strong>flumina</strong></span> <span class='ocrx_word' id='word_1_74' title='bbox 1699 1057 1915 1118; x_wconf 90' lang='lat' dir='ltr'><strong>corpus</strong></span> 
     </span>
    </p>

    <p class='ocr_par' dir='ltr' id='par_1_11' title="bbox 359 1121 2358 1203">
     <span class='ocr_line' id='line_1_12' title="bbox 359 1121 2358 1203; baseline 0 -20"><span class='ocrx_word' id='word_1_75' title='bbox 359 1121 602 1184; x_wconf 88' lang='lat' dir='ltr'><strong>Rettulit</strong></span> <span class='ocrx_word' id='word_1_76' title='bbox 641 1132 699 1183; x_wconf 89' lang='lat' dir='ltr'><strong>et</strong></span> <span class='ocrx_word' id='word_1_77' title='bbox 740 1125 1008 1183; x_wconf 87' lang='lat' dir='ltr'><strong>miseram</strong></span> <span class='ocrx_word' id='word_1_78' title='bbox 1045 1125 1171 1183; x_wconf 87' lang='lat' dir='ltr'><strong>visa</strong></span> <span class='ocrx_word' id='word_1_79' title='bbox 1213 1133 1567 1203; x_wconf 79' lang='lat' dir='ltr'><strong>expectasse</strong></span> <span class='ocrx_word' id='word_1_80' title='bbox 1604 1133 1923 1203; x_wconf 88' lang='lat' dir='ltr'><strong>parentem.</strong></span> <span class='ocrx_word' id='word_1_81' title='bbox 2263 1136 2358 1193; x_wconf 77' lang='lat'><strong>380</strong></span> 
     </span>
    </p>

    <p class='ocr_par' dir='ltr' id='par_1_12' title="bbox 357 1204 1856 1286">
     <span class='ocr_line' id='line_1_13' title="bbox 357 1204 1856 1286; baseline -0.001 -18"><span class='ocrx_word' id='word_1_82' title='bbox 357 1207 507 1269; x_wconf 90' lang='lat' dir='ltr'><strong>Hine</strong></span> <span class='ocrx_word' id='word_1_83' title='bbox 552 1209 666 1268; x_wconf 91' lang='lat' dir='ltr'><strong>mei</strong></span> <span class='ocrx_word' id='word_1_84' title='bbox 708 1204 940 1268; x_wconf 72' lang='lat' dir='ltr'><strong>vultus?</strong></span> <span class='ocrx_word' id='word_1_85' title='bbox 993 1208 1144 1268; x_wconf 89' lang='lat' dir='ltr'><strong>haec</strong></span> <span class='ocrx_word' id='word_1_86' title='bbox 1187 1210 1339 1269; x_wconf 87' lang='lat' dir='ltr'><strong>torvi</strong></span> <span class='ocrx_word' id='word_1_87' title='bbox 1384 1208 1591 1268; x_wconf 90' lang='lat' dir='ltr'><strong>lumina</strong></span> <span class='ocrx_word' id='word_1_88' title='bbox 1633 1205 1856 1286; x_wconf 76' lang='lat' dir='ltr'><strong>patris?</strong></span> 
     </span>
    </p>

    <p class='ocr_par' dir='ltr' id='par_1_13' title="bbox 358 1289 1823 1372">
     <span class='ocr_line' id='line_1_14' title="bbox 358 1289 1823 1372; baseline 0.002 -19"><span class='ocrx_word' id='word_1_89' title='bbox 358 1293 431 1353; x_wconf 90' lang='lat' dir='ltr'><strong>Hi</strong></span> <span class='ocrx_word' id='word_1_90' title='bbox 476 1294 668 1353; x_wconf 86' lang='lat' dir='ltr'><strong>crines</strong></span> <span class='ocrx_word' id='word_1_91' title='bbox 710 1292 971 1353; x_wconf 84' lang='lat' dir='ltr'><strong>undantis</strong></span> <span class='ocrx_word' id='word_1_92' title='bbox 1012 1289 1145 1353; x_wconf 80' lang='lat' dir='ltr'><strong>avi?</strong></span> <span class='ocrx_word' id='word_1_93' title='bbox 1191 1302 1251 1353; x_wconf 92' lang='lat' dir='ltr'><strong>tu</strong></span> <span class='ocrx_word' id='word_1_94' title='bbox 1295 1292 1493 1353; x_wconf 87' lang='lat' dir='ltr'><strong>nobile</strong></span> <span class='ocrx_word' id='word_1_95' title='bbox 1536 1294 1823 1372; x_wconf 84' lang='lat' dir='ltr'><strong>quondam</strong></span> 
     </span>
    </p>

    <p class='ocr_par' dir='ltr' id='par_1_14' title="bbox 357 1376 2020 1456">
     <span class='ocr_line' id='line_1_15' title="bbox 357 1376 2020 1456; baseline 0.001 -18"><span class='ocrx_word' id='word_1_96' title='bbox 357 1376 650 1438; x_wconf 87' lang='lat' dir='ltr'><strong>Undarum</strong></span> <span class='ocrx_word' id='word_1_97' title='bbox 690 1393 1102 1455; x_wconf 87' lang='lat' dir='ltr'><strong>nemorumque</strong></span> <span class='ocrx_word' id='word_1_98' title='bbox 1147 1377 1364 1453; x_wconf 90' lang='lat' dir='ltr'><strong>decus,</strong></span> <span class='ocrx_word' id='word_1_99' title='bbox 1411 1395 1525 1455; x_wconf 92' lang='lat' dir='ltr'><strong>quo</strong></span> <span class='ocrx_word' id='word_1_100' title='bbox 1569 1378 1793 1456; x_wconf 90' lang='lat' dir='ltr'><strong>sospite</strong></span> <span class='ocrx_word' id='word_1_101' title='bbox 1835 1381 2020 1440; x_wconf 90' lang='lat' dir='ltr'><strong>maior</strong></span> 
     </span>
    </p>

    <p class='ocr_par' dir='ltr' id='par_1_15' title="bbox 356 1460 1790 1540">
     <span class='ocr_line' id='line_1_16' title="bbox 356 1460 1790 1540; baseline -0.001 -18"><span class='ocrx_word' id='word_1_102' title='bbox 356 1461 507 1522; x_wconf 84' lang='lat' dir='ltr'><strong>Diva</strong></span> <span class='ocrx_word' id='word_1_103' title='bbox 553 1471 611 1521; x_wconf 91' lang='lat' dir='ltr'><strong>et</strong></span> <span class='ocrx_word' id='word_1_104' title='bbox 654 1461 1026 1540; x_wconf 70' lang='lat' dir='ltr'><strong>nympharum</strong></span> <span class='ocrx_word' id='word_1_105' title='bbox 1071 1461 1248 1539; x_wconf 92' lang='lat' dir='ltr'><strong>longe</strong></span> <span class='ocrx_word' id='word_1_106' title='bbox 1294 1463 1496 1540; x_wconf 88' lang='lat' dir='ltr'><strong>regina</strong></span> <span class='ocrx_word' id='word_1_107' title='bbox 1537 1460 1790 1525; x_wconf 82' lang='lat' dir='ltr'><strong>ferebar.</strong></span> 
     </span>
    </p>

    <p class='ocr_par' dir='ltr' id='par_1_16' title="bbox 358 1544 2358 1624">
     <span class='ocr_line' id='line_1_17' title="bbox 358 1544 2358 1624; baseline 0.005 -19"><span class='ocrx_word' id='word_1_108' title='bbox 358 1546 518 1606; x_wconf 91' lang='lat' dir='ltr'><strong>Heus</strong></span> <span class='ocrx_word' id='word_1_109' title='bbox 563 1545 791 1606; x_wconf 88' lang='lat' dir='ltr'><strong>ubinam</strong></span> <span class='ocrx_word' id='word_1_110' title='bbox 828 1544 929 1605; x_wconf 91' lang='lat' dir='ltr'><strong>ille</strong></span> <span class='ocrx_word' id='word_1_111' title='bbox 975 1546 1253 1624; x_wconf 81' lang='lat' dir='ltr'><strong>frequens</strong></span> <span class='ocrx_word' id='word_1_112' title='bbox 1299 1545 1470 1607; x_wconf 91' lang='lat' dir='ltr'><strong>modo</strong></span> <span class='ocrx_word' id='word_1_113' title='bbox 1517 1547 1671 1608; x_wconf 85' lang='lat' dir='ltr'><strong>circa</strong></span> <span class='ocrx_word' id='word_1_114' title='bbox 1714 1547 1905 1608; x_wconf 89' lang='lat' dir='ltr'><strong>limina</strong></span> <span class='ocrx_word' id='word_1_115' title='bbox 1953 1550 2159 1610; x_wconf 84' lang='lat' dir='ltr'><strong>matris</strong></span> <span class='ocrx_word' id='word_1_116' title='bbox 2260 1559 2358 1615; x_wconf 76' lang='lat'><strong>385</strong></span> 
     </span>
    </p>

    <p class='ocr_par' dir='ltr' id='par_1_17' title="bbox 358 1629 1779 1711">
     <span class='ocr_line' id='line_1_18' title="bbox 358 1629 1779 1711; baseline 0 -19"><span class='ocrx_word' id='word_1_117' title='bbox 358 1629 623 1692; x_wconf 87' lang='lat' dir='ltr'><strong>Ambitus</strong></span> <span class='ocrx_word' id='word_1_118' title='bbox 667 1639 1017 1709; x_wconf 89' lang='lat' dir='ltr'><strong>orantesque</strong></span> <span class='ocrx_word' id='word_1_119' title='bbox 1053 1630 1158 1690; x_wconf 90' lang='lat' dir='ltr'><strong>tibi</strong></span> <span class='ocrx_word' id='word_1_120' title='bbox 1194 1634 1420 1692; x_wconf 89' lang='lat' dir='ltr'><strong>servire</strong></span> <span class='ocrx_word' id='word_1_121' title='bbox 1460 1629 1779 1711; x_wconf 79' lang='lat' dir='ltr'><strong>Napaeae?</strong></span> 
     </span>
    </p>

    <p class='ocr_par' dir='ltr' id='par_1_18' title="bbox 363 1714 1878 1795">
     <span class='ocr_line' id='line_1_19' title="bbox 363 1714 1878 1795; baseline 0.001 -19"><span class='ocrx_word' id='word_1_122' title='bbox 363 1714 480 1777; x_wconf 86' lang='lat' dir='ltr'><strong>Cur</strong></span> <span class='ocrx_word' id='word_1_123' title='bbox 516 1733 665 1775; x_wconf 89' lang='lat' dir='ltr'><strong>nunc</strong></span> <span class='ocrx_word' id='word_1_124' title='bbox 709 1724 767 1775; x_wconf 92' lang='lat' dir='ltr'><strong>te</strong></span> <span class='ocrx_word' id='word_1_125' title='bbox 809 1714 1016 1775; x_wconf 90' lang='lat' dir='ltr'><strong>melius</strong></span> <span class='ocrx_word' id='word_1_126' title='bbox 1058 1733 1239 1776; x_wconf 88' lang='lat' dir='ltr'><strong>saevo</strong></span> <span class='ocrx_word' id='word_1_127' title='bbox 1282 1734 1549 1777; x_wconf 89' lang='lat' dir='ltr'><strong>mansura</strong></span> <span class='ocrx_word' id='word_1_128' title='bbox 1590 1716 1878 1795; x_wconf 81' lang='lat' dir='ltr'><strong>profundo</strong></span> 
     </span>
    </p>

    <p class='ocr_par' dir='ltr' id='par_1_19' title="bbox 356 1798 1856 1879">
     <span class='ocr_line' id='line_1_20' title="bbox 356 1798 1856 1879; baseline -0.001 -18"><span class='ocrx_word' id='word_1_129' title='bbox 356 1799 650 1879; x_wconf 85' lang='lat' dir='ltr'><strong>Amplexu</strong></span> <span class='ocrx_word' id='word_1_130' title='bbox 686 1802 902 1861; x_wconf 83' lang='lat' dir='ltr'><strong>misero</strong></span> <span class='ocrx_word' id='word_1_131' title='bbox 940 1799 1205 1876; x_wconf 85' lang='lat' dir='ltr'><strong>tumulis,</strong></span> <span class='ocrx_word' id='word_1_132' title='bbox 1248 1798 1549 1878; x_wconf 82' lang='lat' dir='ltr'><strong>Crenaee,</strong></span> <span class='ocrx_word' id='word_1_133' title='bbox 1592 1810 1856 1879; x_wconf 89' lang='lat' dir='ltr'><strong>reporto,</strong></span> 
     </span>
    </p>

    <p class='ocr_par' dir='ltr' id='par_1_20' title="bbox 355 1882 2192 1965">
     <span class='ocr_line' id='line_1_21' title="bbox 355 1882 2192 1965; baseline -0.001 -18"><span class='ocrx_word' id='word_1_134' title='bbox 355 1884 492 1947; x_wconf 88' lang='lat' dir='ltr'><strong>Non</strong></span> <span class='ocrx_word' id='word_1_135' title='bbox 535 1882 715 1945; x_wconf 79' lang='lat' dir='ltr'><strong>mihi?</strong></span> <span class='ocrx_word' id='word_1_136' title='bbox 768 1903 881 1947; x_wconf 88' lang='lat' dir='ltr'><strong>nec</strong></span> <span class='ocrx_word' id='word_1_137' title='bbox 923 1893 1115 1945; x_wconf 89' lang='lat' dir='ltr'><strong>tantae</strong></span> <span class='ocrx_word' id='word_1_138' title='bbox 1158 1885 1337 1964; x_wconf 88' lang='lat' dir='ltr'><strong>pudet</strong></span> <span class='ocrx_word' id='word_1_139' title='bbox 1376 1885 1523 1946; x_wconf 87' lang='lat' dir='ltr'><strong>heu!</strong></span> <span class='ocrx_word' id='word_1_140' title='bbox 1568 1886 1921 1965; x_wconf 85' lang='lat' dir='ltr'><strong>miseretque</strong></span> <span class='ocrx_word' id='word_1_141' title='bbox 1965 1887 2192 1964; x_wconf 86' lang='lat' dir='ltr'><strong>ruinae,</strong></span> 
     </span>
    </p>
   </div>
   <div class='ocr_carea' id='block_1_3' title="bbox 2440 363 2452 1264">
    <p class='ocr_par' dir='ltr' id='par_1_21' title="bbox 2440 363 2452 1264">
     <span class='ocr_line' id='line_1_22' title="bbox 2440 363 2452 1264; baseline 0 0"><span class='ocrx_word' id='word_1_142' title='bbox 2440 363 2452 1264; x_wconf 95' lang='lat' dir='ltr'><strong> </strong></span> 
     </span>
    </p>
   </div>
   <div class='ocr_carea' id='block_1_4' title="bbox 356 1967 2459 2048">
    <p class='ocr_par' dir='ltr' id='par_1_22' title="bbox 356 1967 2459 2048">
     <span class='ocr_line' id='line_1_23' title="bbox 356 1967 2459 2048; baseline -0.002 -18"><span class='ocrx_word' id='word_1_143' title='bbox 356 1970 520 2030; x_wconf 87' lang='lat' dir='ltr'><strong>Dure</strong></span> <span class='ocrx_word' id='word_1_144' title='bbox 565 1967 820 2048; x_wconf 81' lang='lat' dir='ltr'><strong>parens?</strong></span> <span class='ocrx_word' id='word_1_145' title='bbox 862 1987 1012 2048; x_wconf 89' lang='lat' dir='ltr'><strong>quae</strong></span> <span class='ocrx_word' id='word_1_146' title='bbox 1057 1979 1116 2030; x_wconf 93' lang='lat' dir='ltr'><strong>te</strong></span> <span class='ocrx_word' id='word_1_147' title='bbox 1154 1970 1273 2031; x_wconf 88' lang='lat' dir='ltr'><strong>alta</strong></span> <span class='ocrx_word' id='word_1_148' title='bbox 1317 1979 1376 2031; x_wconf 91' lang='lat' dir='ltr'><strong>et</strong></span> <span class='ocrx_word' id='word_1_149' title='bbox 1422 1969 1808 2031; x_wconf 88' lang='lat' dir='ltr'><strong>ineluctabilis</strong></span> <span class='ocrx_word' id='word_1_150' title='bbox 1850 1972 1964 2030; x_wconf 89' lang='lat' dir='ltr'><strong>imo</strong></span> <span class='ocrx_word' id='word_1_151' title='bbox 2260 1980 2363 2036; x_wconf 78' lang='lat'><strong>390</strong></span> <span class='ocrx_word' id='word_1_152' title='bbox 2458 1972 2459 2035; x_wconf 63' lang='grc' dir='ltr'>ἒ</span> 
     </span>
    </p>
   </div>
   <div class='ocr_carea' id='block_1_5' title="bbox 358 2052 2079 2388">
    <p class='ocr_par' dir='ltr' id='par_1_23' title="bbox 358 2052 2079 2388">
     <span class='ocr_line' id='line_1_24' title="bbox 364 2052 2033 2134; baseline 0 -20"><span class='ocrx_word' id='word_1_153' title='bbox 364 2052 635 2115; x_wconf 84' lang='lat' dir='ltr'><strong>Condidit</strong></span> <span class='ocrx_word' id='word_1_154' title='bbox 670 2072 835 2115; x_wconf 92' lang='lat' dir='ltr'><strong>amne</strong></span> <span class='ocrx_word' id='word_1_155' title='bbox 873 2054 1072 2133; x_wconf 85' lang='lat' dir='ltr'><strong>palus,</strong></span> <span class='ocrx_word' id='word_1_156' title='bbox 1121 2072 1235 2134; x_wconf 91' lang='lat' dir='ltr'><strong>quo</strong></span> <span class='ocrx_word' id='word_1_157' title='bbox 1282 2056 1392 2115; x_wconf 90' lang='lat' dir='ltr'><strong>iam</strong></span> <span class='ocrx_word' id='word_1_158' title='bbox 1434 2074 1546 2115; x_wconf 91' lang='lat' dir='ltr'><strong>nec</strong></span> <span class='ocrx_word' id='word_1_159' title='bbox 1584 2054 1760 2115; x_wconf 90' lang='lat' dir='ltr'><strong>cruda</strong></span> <span class='ocrx_word' id='word_1_160' title='bbox 1797 2057 2033 2134; x_wconf 84' lang='lat' dir='ltr'><strong>nepotis</strong></span> 
     </span>
     <span class='ocr_line' id='line_1_25' title="bbox 358 2128 2067 2218; baseline -0.001 -18"><span class='ocrx_word' id='word_1_161' title='bbox 358 2137 621 2216; x_wconf 85' lang='lat' dir='ltr'><strong>Funera,</strong></span> <span class='ocrx_word' id='word_1_162' title='bbox 664 2158 778 2199; x_wconf 85' lang='lat' dir='ltr'><strong>nec</strong></span> <span class='ocrx_word' id='word_1_163' title='bbox 818 2140 1001 2199; x_wconf 88' lang='lat' dir='ltr'><strong>nostri</strong></span> <span class='ocrx_word' id='word_1_164' title='bbox 1044 2138 1275 2200; x_wconf 83' lang='lat' dir='ltr'><strong>valeant</strong></span> <span class='ocrx_word' id='word_1_165' title='bbox 1320 2157 1699 2218; x_wconf 87' lang='lat' dir='ltr'><strong>perrumpere</strong></span> <span class='ocrx_word' id='word_1_166' title='bbox 1742 2139 2010 2218; x_wconf 88' lang='lat' dir='ltr'><strong>planctus</strong></span> <span class='ocrx_word' id='word_1_167' title='bbox 2026 2128 2067 2198; x_wconf 65' lang='lat'><strong>⁶?</strong></span> 
     </span>
     <span class='ocr_line' id='line_1_26' title="bbox 359 2222 1872 2302; baseline -0.001 -18"><span class='ocrx_word' id='word_1_168' title='bbox 359 2222 524 2284; x_wconf 89' lang='lat' dir='ltr'><strong>Ecce</strong></span> <span class='ocrx_word' id='word_1_169' title='bbox 570 2222 704 2284; x_wconf 80' lang='lat' dir='ltr'><strong>furit</strong></span> <span class='ocrx_word' id='word_1_170' title='bbox 746 2225 1037 2302; x_wconf 86' lang='lat' dir='ltr'><strong>iactatque</strong></span> <span class='ocrx_word' id='word_1_171' title='bbox 1073 2233 1173 2284; x_wconf 92' lang='lat' dir='ltr'><strong>tuo</strong></span> <span class='ocrx_word' id='word_1_172' title='bbox 1216 2242 1285 2284; x_wconf 90' lang='lat' dir='ltr'><strong>se</strong></span> <span class='ocrx_word' id='word_1_173' title='bbox 1326 2225 1383 2285; x_wconf 88' lang='lat' dir='ltr'><strong>in</strong></span> <span class='ocrx_word' id='word_1_174' title='bbox 1420 2226 1651 2302; x_wconf 85' lang='lat' dir='ltr'><strong>gurgite</strong></span> <span class='ocrx_word' id='word_1_175' title='bbox 1689 2225 1872 2284; x_wconf 91' lang='lat' dir='ltr'><strong>maior</strong></span> 
     </span>
     <span class='ocr_line' id='line_1_27' title="bbox 360 2307 2079 2388; baseline 0.002 -21"><span class='ocrx_word' id='word_1_176' title='bbox 360 2307 801 2388; x_wconf 82' lang='lat' dir='ltr'><strong>Hippomedon,</strong></span> <span class='ocrx_word' id='word_1_177' title='bbox 845 2307 1003 2368; x_wconf 89' lang='lat' dir='ltr'><strong>illum</strong></span> <span class='ocrx_word' id='word_1_178' title='bbox 1046 2309 1330 2388; x_wconf 88' lang='lat' dir='ltr'><strong>ripaeque</strong></span> <span class='ocrx_word' id='word_1_179' title='bbox 1374 2308 1678 2387; x_wconf 87' lang='lat' dir='ltr'><strong>undaeque</strong></span> <span class='ocrx_word' id='word_1_180' title='bbox 1720 2308 2079 2385; x_wconf 77' lang='lat' dir='ltr'><strong>tremiscunt,</strong></span> 
     </span>
    </p>
   </div>
   <div class='ocr_carea' id='block_1_6' title="bbox 363 2380 2459 2473">
    <p class='ocr_par' dir='ltr' id='par_1_24' title="bbox 363 2380 2459 2473">
     <span class='ocr_line' id='line_1_28' title="bbox 363 2380 2459 2473; baseline 0.003 -22"><span class='ocrx_word' id='word_1_181' title='bbox 363 2391 527 2453; x_wconf 89' lang='lat' dir='ltr'><strong>Illius</strong></span> <span class='ocrx_word' id='word_1_182' title='bbox 572 2394 802 2473; x_wconf 88' lang='lat' dir='ltr'><strong>inpulsu</strong></span> <span class='ocrx_word' id='word_1_183' title='bbox 842 2401 1101 2453; x_wconf 89' lang='lat' dir='ltr'><strong>nostrum</strong></span> <span class='ocrx_word' id='word_1_184' title='bbox 1143 2391 1291 2453; x_wconf 87' lang='lat' dir='ltr'><strong>bibit</strong></span> <span class='ocrx_word' id='word_1_185' title='bbox 1330 2393 1483 2455; x_wconf 82' lang='lat' dir='ltr'><strong>unda</strong></span> <span class='ocrx_word' id='word_1_186' title='bbox 1524 2410 1809 2453; x_wconf 88' lang='lat' dir='ltr'><strong>cruorem.</strong></span> <span class='ocrx_word' id='word_1_187' title='bbox 2264 2404 2364 2459; x_wconf 78' lang='lat'><strong>395</strong></span> <span class='ocrx_word' id='word_1_188' title='bbox 2456 2380 2459 2405; x_wconf 23' lang='lat' dir='ltr'><strong>l</strong></span> 
     </span>
    </p>
   </div>
   <div class='ocr_carea' id='block_1_7' title="bbox 358 2474 2365 3489">
    <p class='ocr_par' dir='ltr' id='par_1_25' title="bbox 361 2474 2043 2726">
     <span class='ocr_line' id='line_1_29' title="bbox 365 2474 1888 2556; baseline 0 -21"><span class='ocrx_word' id='word_1_189' title='bbox 365 2474 451 2535; x_wconf 86' lang='lat' dir='ltr'><strong>Tu</strong></span> <span class='ocrx_word' id='word_1_190' title='bbox 494 2479 665 2556; x_wconf 86' lang='lat' dir='ltr'><strong>piger</strong></span> <span class='ocrx_word' id='word_1_191' title='bbox 710 2488 770 2538; x_wconf 93' lang='lat' dir='ltr'><strong>et</strong></span> <span class='ocrx_word' id='word_1_192' title='bbox 807 2476 1062 2539; x_wconf 89' lang='lat' dir='ltr'><strong>trucibus</strong></span> <span class='ocrx_word' id='word_1_193' title='bbox 1106 2478 1299 2539; x_wconf 82' lang='lat' dir='ltr'><strong>facilis</strong></span> <span class='ocrx_word' id='word_1_194' title='bbox 1337 2479 1562 2538; x_wconf 89' lang='lat' dir='ltr'><strong>servire</strong></span> <span class='ocrx_word' id='word_1_195' title='bbox 1605 2476 1888 2554; x_wconf 87' lang='lat' dir='ltr'><strong>Pelasgis.</strong></span> 
     </span>
     <span class='ocr_line' id='line_1_30' title="bbox 361 2558 1869 2641; baseline 0.001 -22"><span class='ocrx_word' id='word_1_196' title='bbox 361 2558 456 2620; x_wconf 86' lang='lat' dir='ltr'><strong>Ad</strong></span> <span class='ocrx_word' id='word_1_197' title='bbox 500 2564 730 2622; x_wconf 87' lang='lat' dir='ltr'><strong>cineres</strong></span> <span class='ocrx_word' id='word_1_198' title='bbox 772 2562 980 2623; x_wconf 90' lang='lat' dir='ltr'><strong>saltem</strong></span> <span class='ocrx_word' id='word_1_199' title='bbox 1023 2580 1412 2641; x_wconf 85' lang='lat' dir='ltr'><strong>supremaque</strong></span> <span class='ocrx_word' id='word_1_200' title='bbox 1455 2563 1606 2622; x_wconf 88' lang='lat' dir='ltr'><strong>iusta</strong></span> <span class='ocrx_word' id='word_1_201' title='bbox 1644 2570 1869 2623; x_wconf 89' lang='lat' dir='ltr'><strong>tuorum</strong></span> 
     </span>
     <span class='ocr_line' id='line_1_31' title="bbox 362 2643 2043 2726; baseline 0 -20"><span class='ocrx_word' id='word_1_202' title='bbox 362 2643 589 2726; x_wconf 87' lang='lat' dir='ltr'><strong>Saeve,</strong></span> <span class='ocrx_word' id='word_1_203' title='bbox 634 2648 799 2723; x_wconf 87' lang='lat' dir='ltr'><strong>veni,</strong></span> <span class='ocrx_word' id='word_1_204' title='bbox 842 2665 957 2707; x_wconf 90' lang='lat' dir='ltr'><strong>non</strong></span> <span class='ocrx_word' id='word_1_205' title='bbox 998 2645 1095 2706; x_wconf 87' lang='lat' dir='ltr'><strong>hic</strong></span> <span class='ocrx_word' id='word_1_206' title='bbox 1133 2647 1321 2708; x_wconf 89' lang='lat' dir='ltr'><strong>solum</strong></span> <span class='ocrx_word' id='word_1_207' title='bbox 1361 2664 1681 2708; x_wconf 90' lang='lat' dir='ltr'><strong>accensure</strong></span> <span class='ocrx_word' id='word_1_208' title='bbox 1722 2651 2043 2724; x_wconf 88' lang='lat' dir='ltr'><strong>nepotem.’</strong></span> 
     </span>
    </p>

    <p class='ocr_par' dir='ltr' id='par_1_26' title="bbox 358 2728 2365 3149">
     <span class='ocr_line' id='line_1_32' title="bbox 488 2728 2164 2811; baseline 0.002 -22"><span class='ocrx_word' id='word_1_209' title='bbox 488 2728 593 2790; x_wconf 89' lang='lat' dir='ltr'><strong>His</strong></span> <span class='ocrx_word' id='word_1_210' title='bbox 636 2733 842 2791; x_wconf 89' lang='lat' dir='ltr'><strong>miscet</strong></span> <span class='ocrx_word' id='word_1_211' title='bbox 884 2731 1185 2810; x_wconf 87' lang='lat' dir='ltr'><strong>planctus,</strong></span> <span class='ocrx_word' id='word_1_212' title='bbox 1231 2730 1588 2811; x_wconf 89' lang='lat' dir='ltr'><strong>multumque</strong></span> <span class='ocrx_word' id='word_1_213' title='bbox 1627 2730 1860 2808; x_wconf 88' lang='lat' dir='ltr'><strong>indigna</strong></span> <span class='ocrx_word' id='word_1_214' title='bbox 1898 2741 2164 2793; x_wconf 77' lang='lat' dir='ltr'><strong>cruentat</strong></span> 
     </span>
     <span class='ocr_line' id='line_1_33' title="bbox 361 2813 2365 2890; baseline 0 -16"><span class='ocrx_word' id='word_1_215' title='bbox 361 2813 646 2890; x_wconf 90' lang='lat' dir='ltr'><strong>Pectora,</strong></span> <span class='ocrx_word' id='word_1_216' title='bbox 695 2816 1006 2876; x_wconf 90' lang='lat' dir='ltr'><strong>caeruleae</strong></span> <span class='ocrx_word' id='word_1_217' title='bbox 1049 2815 1310 2877; x_wconf 82' lang='lat' dir='ltr'><strong>referunt</strong></span> <span class='ocrx_word' id='word_1_218' title='bbox 1349 2814 1595 2877; x_wconf 87' lang='lat' dir='ltr'><strong>lamenta</strong></span> <span class='ocrx_word' id='word_1_219' title='bbox 1637 2833 1898 2876; x_wconf 88' lang='lat' dir='ltr'><strong>sorores.</strong></span> <span class='ocrx_word' id='word_1_220' title='bbox 2264 2827 2365 2881; x_wconf 76' lang='lat'><strong>400</strong></span> 
     </span>
     <span class='ocr_line' id='line_1_34' title="bbox 364 2898 1780 2980; baseline 0.001 -21"><span class='ocrx_word' id='word_1_221' title='bbox 364 2898 630 2973; x_wconf 85' lang='lat' dir='ltr'><strong>Qualiter</strong></span> <span class='ocrx_word' id='word_1_222' title='bbox 669 2898 980 2959; x_wconf 90' lang='lat' dir='ltr'><strong>Isthmiaco</strong></span> <span class='ocrx_word' id='word_1_223' title='bbox 1022 2899 1273 2962; x_wconf 89' lang='lat' dir='ltr'><strong>nondum</strong></span> <span class='ocrx_word' id='word_1_224' title='bbox 1311 2899 1563 2962; x_wconf 88' lang='lat' dir='ltr'><strong>Nereida</strong></span> <span class='ocrx_word' id='word_1_225' title='bbox 1612 2910 1780 2980; x_wconf 89' lang='lat' dir='ltr'><strong>portu</strong></span> 
     </span>
     <span class='ocr_line' id='line_1_35' title="bbox 358 2978 2063 3065; baseline 0.002 -22"><span class='ocrx_word' id='word_1_226' title='bbox 358 2978 733 3045; x_wconf 87' lang='lat' dir='ltr'><strong>Leucothean</strong></span> <span class='ocrx_word' id='word_1_227' title='bbox 775 2984 1073 3063; x_wconf 87' lang='lat' dir='ltr'><strong>planxisse</strong></span> <span class='ocrx_word' id='word_1_228' title='bbox 1116 2983 1341 3062; x_wconf 83' lang='lat' dir='ltr'><strong>ferunt,</strong></span> <span class='ocrx_word' id='word_1_229' title='bbox 1389 2984 1517 3046; x_wconf 90' lang='lat' dir='ltr'><strong>dum</strong></span> <span class='ocrx_word' id='word_1_230' title='bbox 1563 2995 1808 3065; x_wconf 89' lang='lat' dir='ltr'><strong>pectore</strong></span> <span class='ocrx_word' id='word_1_231' title='bbox 1851 2983 2063 3047; x_wconf 83' lang='lat' dir='ltr'><strong>anhelo</strong></span> 
     </span>
     <span class='ocr_line' id='line_1_36' title="bbox 360 3066 2001 3149; baseline -0.001 -20"><span class='ocrx_word' id='word_1_232' title='bbox 360 3066 631 3148; x_wconf 90' lang='lat' dir='ltr'><strong>Frigidus</strong></span> <span class='ocrx_word' id='word_1_233' title='bbox 672 3070 729 3128; x_wconf 89' lang='lat' dir='ltr'><strong>in</strong></span> <span class='ocrx_word' id='word_1_234' title='bbox 767 3077 1009 3129; x_wconf 88' lang='lat' dir='ltr'><strong>matrem</strong></span> <span class='ocrx_word' id='word_1_235' title='bbox 1050 3087 1291 3130; x_wconf 87' lang='lat' dir='ltr'><strong>saevum</strong></span> <span class='ocrx_word' id='word_1_236' title='bbox 1331 3088 1491 3130; x_wconf 90' lang='lat' dir='ltr'><strong>mare</strong></span> <span class='ocrx_word' id='word_1_237' title='bbox 1533 3071 1756 3149; x_wconf 83' lang='lat' dir='ltr'><strong>respuit</strong></span> <span class='ocrx_word' id='word_1_238' title='bbox 1790 3069 2001 3131; x_wconf 78' lang='lat' dir='ltr'><strong>infans.</strong></span> 
     </span>
    </p>

    <p class='ocr_par' dir='ltr' id='par_1_27' title="bbox 489 3153 1989 3234">
     <span class='ocr_line' id='line_1_37' title="bbox 489 3153 1989 3234; baseline 0.001 -20"><span class='ocrx_word' id='word_1_239' title='bbox 489 3153 569 3214; x_wconf 86' lang='lat' dir='ltr'><strong>At</strong></span> <span class='ocrx_word' id='word_1_240' title='bbox 619 3162 789 3234; x_wconf 85' lang='lat' dir='ltr'><strong>pater</strong></span> <span class='ocrx_word' id='word_1_241' title='bbox 830 3170 1044 3214; x_wconf 88' lang='lat' dir='ltr'><strong>arcano</strong></span> <span class='ocrx_word' id='word_1_242' title='bbox 1088 3154 1356 3215; x_wconf 87' lang='lat' dir='ltr'><strong>residens</strong></span> <span class='ocrx_word' id='word_1_243' title='bbox 1399 3154 1661 3216; x_wconf 87' lang='lat' dir='ltr'><strong>Ismenos</strong></span> <span class='ocrx_word' id='word_1_244' title='bbox 1700 3155 1757 3213; x_wconf 91' lang='lat' dir='ltr'><strong>in</strong></span> <span class='ocrx_word' id='word_1_245' title='bbox 1800 3163 1989 3231; x_wconf 86' lang='lat' dir='ltr'><strong>antro,</strong></span> 
     </span>
    </p>

    <p class='ocr_par' dir='ltr' id='par_1_28' title="bbox 358 3235 2363 3489">
     <span class='ocr_line' id='line_1_38' title="bbox 359 3235 2362 3318; baseline 0.002 -20"><span class='ocrx_word' id='word_1_246' title='bbox 359 3235 531 3299; x_wconf 85' lang='lat' dir='ltr'><strong>Unde</strong></span> <span class='ocrx_word' id='word_1_247' title='bbox 573 3255 750 3300; x_wconf 91' lang='lat' dir='ltr'><strong>aurae</strong></span> <span class='ocrx_word' id='word_1_248' title='bbox 793 3237 1095 3317; x_wconf 90' lang='lat' dir='ltr'><strong>nubesque</strong></span> <span class='ocrx_word' id='word_1_249' title='bbox 1138 3236 1374 3314; x_wconf 86' lang='lat' dir='ltr'><strong>bibunt,</strong></span> <span class='ocrx_word' id='word_1_250' title='bbox 1420 3248 1593 3318; x_wconf 88' lang='lat' dir='ltr'><strong>atque</strong></span> <span class='ocrx_word' id='word_1_251' title='bbox 1637 3238 1896 3299; x_wconf 81' lang='lat' dir='ltr'><strong>imbrifer</strong></span> <span class='ocrx_word' id='word_1_252' title='bbox 1937 3237 2131 3300; x_wconf 89' lang='lat' dir='ltr'><strong>Arcus</strong></span> <span class='ocrx_word' id='word_1_253' title='bbox 2262 3245 2362 3303; x_wconf 76' lang='lat'><strong>405</strong></span> 
     </span>
     <span class='ocr_line' id='line_1_39' title="bbox 358 3320 1985 3401; baseline 0.002 -21"><span class='ocrx_word' id='word_1_254' title='bbox 358 3320 623 3382; x_wconf 88' lang='lat' dir='ltr'><strong>Pascitur</strong></span> <span class='ocrx_word' id='word_1_255' title='bbox 666 3333 724 3384; x_wconf 89' lang='lat' dir='ltr'><strong>et</strong></span> <span class='ocrx_word' id='word_1_256' title='bbox 764 3323 974 3399; x_wconf 78' lang='lat' dir='ltr'><strong>Tyrios</strong></span> <span class='ocrx_word' id='word_1_257' title='bbox 1015 3321 1226 3382; x_wconf 89' lang='lat' dir='ltr'><strong>melior</strong></span> <span class='ocrx_word' id='word_1_258' title='bbox 1268 3324 1427 3385; x_wconf 87' lang='lat' dir='ltr'><strong>venit</strong></span> <span class='ocrx_word' id='word_1_259' title='bbox 1469 3341 1647 3383; x_wconf 85' lang='lat' dir='ltr'><strong>annus</strong></span> <span class='ocrx_word' id='word_1_260' title='bbox 1688 3323 1746 3382; x_wconf 89' lang='lat' dir='ltr'><strong>in</strong></span> <span class='ocrx_word' id='word_1_261' title='bbox 1786 3340 1985 3401; x_wconf 77' lang='lat' dir='ltr'><strong>agroS,</strong></span> 
     </span>
     <span class='ocr_line' id='line_1_40' title="bbox 358 3403 2363 3489; baseline 0.001 -26"><span class='ocrx_word' id='word_1_262' title='bbox 358 3403 439 3464; x_wconf 88' lang='lat' dir='ltr'><strong>Ut</strong></span> <span class='ocrx_word' id='word_1_263' title='bbox 466 3404 715 3468; x_wconf 90' lang='lat' dir='ltr'><strong>lamenta</strong></span> <span class='ocrx_word' id='word_1_264' title='bbox 745 3407 953 3487; x_wconf 90' lang='lat' dir='ltr'><strong>procul</strong></span> <span class='ocrx_word' id='word_1_265' title='bbox 983 3442 1068 3452; x_wconf 92' lang='lat'><strong>—-</strong></span> <span class='ocrx_word' id='word_1_266' title='bbox 1095 3424 1439 3486; x_wconf 90' lang='lat' dir='ltr'><strong>quamquam</strong></span> <span class='ocrx_word' id='word_1_267' title='bbox 1472 3407 1757 3487; x_wconf 88' lang='lat' dir='ltr'><strong>obstrepit</strong></span> <span class='ocrx_word' id='word_1_268' title='bbox 1786 3409 1916 3489; x_wconf 89' lang='lat' dir='ltr'><strong>ipse</strong></span> <span class='ocrx_word' id='word_1_269' title='bbox 1948 3442 2034 3456; x_wconf 84' lang='lat'><strong>—·</strong></span> <span class='ocrx_word' id='word_1_270' title='bbox 2061 3424 2363 3487; x_wconf 86' lang='lat' dir='ltr'><strong>novosque</strong></span> 
     </span>
    </p>
   </div>
  </div>
 </body>
</html>
