2517 3909
881 163 1283 215 mennos
1327 164 1468 215 Lm.
1513 165 1590 214 11.
2148 152 2226 215 31

229 320 404 382 Laius
441 328 501 381 et
539 326 712 382 notos
756 329 1058 384 cunctatur
1097 321 1244 383 inire
1280 330 1545 402 penates.

229 405 310 466 Ut
353 422 497 466 vero
543 404 802 468 excelsis
844 415 1069 469 suamet
1105 409 1241 485 iuga
1284 409 1418 468 nixa
1462 407 1744 468 columnis

231 490 393 552 Vidit
438 498 499 551 et
539 490 792 552 infectos
838 492 1146 554 etiamnum
1186 493 1468 571 sanguine
1511 509 1736 568 currus,

230 574 428 636 Paene
469 583 629 636 retro
679 573 944 637 turbatus
987 575 1135 647 abit;
1179 595 1296 638 nec
1338 595 1556 637 summa
1602 575 1881 638 Tonantis

230 659 429 737 Iussa,
471 677 583 721 nec
624 658 917 722 Arcadiae
958 662 1208 723 retinent
1250 663 1561 742 spiramina
1603 664 1829 740 virgae.
2165 672 2235 728 70

230 743 309 806 Et
347 754 483 806 tunc
526 744 683 806 forte
729 745 856 807 dies
902 754 1042 806 noto
1081 748 1309 826 signata
1351 745 1626 807 Tonantis
2000 797 2007 801 .

226 827 526 907 Fulmine‚
572 831 871 910 praerupti
912 849 1084 911 quum
1126 841 1217 910 te,
1264 842 1432 893 tener
1470 830 1656 909 Evie‚
1704 841 1904 911 partus
2004 869 2009 872 -
2088 865 2095 872 ·

233 914 633 976 Transmisere
674 916 842 995 patri.
919 916 1111 993 Tyriis
1156 936 1227 978 ea
1272 934 1446 978 causa
1490 915 1718 977 colonis

229 998 559 1061 Insomnem
594 999 733 1061 ludo
779 1002 1045 1062 certatim
1087 1001 1347 1063 educere
1389 1010 1621 1063 noctem

230 1085 541 1155 Suaserat3
588 1085 758 1146 effusi
799 1086 1019 1165 passim
1056 1103 1166 1166 per
1204 1095 1398 1164 tecta,
1443 1104 1553 1167 per
1593 1103 1792 1164 agros,
2006 1115 2012 1124 ·
2165 1097 2234 1153 75

232 1171 405 1231 Serta
446 1172 600 1230 inter
635 1187 973 1249 vacuosque
1013 1188 1178 1233 mero
1225 1181 1485 1234 crateras
1526 1170 1796 1233 anhelum

230 1253 563 1316 Proflabant
609 1254 716 1316 sub
757 1255 891 1316 luce
936 1256 1134 1326 deum3
1177 1265 1295 1317 tum
1340 1257 1586 1337 plurima
1628 1255 1819 1317 buxus

228 1338 511 1419 Aeraque
555 1341 812 1402 taurinos
855 1342 1044 1402 sonitu
1086 1342 1379 1404 vincentia
1414 1341 1640 1422 pulsus.

230 1422 374 1503 Ipse
409 1425 580 1486 etiam
623 1425 885 1503 gaudens
927 1443 1241 1488 nemorosa
1284 1445 1394 1507 per
1438 1427 1565 1487 avia
1604 1442 1776 1487 sanas

229 1508 533 1589 Inpulerat
567 1519 783 1572 matres
818 1510 1053 1572 Baccho
1095 1512 1344 1573 meliore
1384 1511 1715 1572 Cithaeron.
2164 1510 2236 1580 8'0

365 1591 574 1667 Qualia
611 1613 721 1675 per
762 1594 1092 1676 Rhodopen
1130 1596 1343 1658 rabido
1373 1597 1640 1657 convivia
1682 1604 1855 1657 coetu

229 1678 539 1756 Bistones,
582 1689 680 1741 aut
720 1680 949 1742 mediae
997 1690 1216 1761 ponunt
1255 1679 1619 1742 convallibus
1652 1678 1860 1742 Ossae.

230 1762 358 1824 Illis
403 1766 798 1827 semianimum
837 1783 1025 1845 pecus
1065 1784 1475 1845 excussaeque
1515 1764 1747 1825 leonum

235 1846 356 1908 Ore
400 1850 615 1930 dapes,
661 1859 721 1911 et
761 1850 916 1912 lacte
957 1868 1114 1913 novo
1156 1850 1450 1911 domuisse
1499 1865 1767 1910 cruorem
2050 1873 2055 1880 ⁴
2214 1879 2223 1888 «

232 1932 459 1995 Luxus:
507 1944 563 1995 at
602 1933 817 2014 Ogygii
861 1937 911 1997 si
947 1934 1184 2015 quando
1224 1935 1443 1997 afflavit
1479 1934 1675 1997 Iacchi
2165 1947 2235 2004 85

236 2019 466 2079 Saevus
510 2021 686 2098 odor,
731 2029 867 2082 tunc
905 2038 1047 2082 saxa
1087 2039 1292 2099 manu,
1337 2030 1475 2081 tunc
1514 2018 1731 2100 pocula
1773 2021 2077 2101 pulchrum

233 2103 534 2183 Spargere
574 2114 634 2167 et
667 2106 932 2167 inmerito
971 2106 1268 2167 sociorum
1310 2106 1591 2184 sanguine
1635 2103 1767 2166 fuso

232 2186 566 2250 Instaurare
610 2190 761 2252 diem
804 2191 1104 2272 festasque
1147 2208 1442 2271 reponere
1484 2208 1738 2252 mensas.

370 2273 506 2334 Nox
549 2293 651 2353 ea,
697 2294 870 2356 quum
912 2278 1088 2338 tacita
1127 2277 1374 2338 volucer
1417 2274 1716 2354 Cyllenius
1759 2295 1898 2339 aura

234 2357 423 2437 Regis
467 2358 734 2421 Echionii
777 2362 972 2425 stratis
1014 2362 1306 2441 allapsus,
1354 2361 1451 2422 ubi
1494 2363 1702 2440 ingens
2066 2397 2075 2412 ·
2169 2374 2239 2429 90

233 2441 491 2505 Fuderat
532 2445 795 2522 Assyriis
835 2455 1135 2508 exstructa
1172 2446 1466 2526 tapetibus
1506 2447 1624 2508 alto

235 2526 496 2591 Membra
544 2540 692 2592 toro.
774 2530 887 2593 Pro
924 2549 1106 2611 gnara
1146 2531 1290 2592 nihil
1331 2532 1595 2593 mortalia
1638 2531 1743 2594 fati

238 2610 433 2675 Corda
477 2616 593 2677 sui!
641 2617 796 2696 capit
838 2616 941 2677 ille
986 2616 1208 2696 dapes,
1250 2615 1429 2677 habet
1462 2617 1565 2677 ille
1603 2633 1902 2697 soporem.

366 2697 527 2760 Tunc
566 2702 764 2761 senior
808 2720 958 2781 quae
1002 2702 1193 2761 iussus
1235 2700 1390 2779 agit,
1437 2719 1549 2762 neu
1592 2701 1740 2763 falsa
1778 2703 1965 2765 videri

236 2781 444 2845 Noctis
484 2788 676 2865 imago
724 2795 931 2866 queat,
976 2786 1252 2864 longaevi
1294 2786 1445 2846 vatis
1482 2803 1705 2866 opacos
2171 2796 2241 2851 95

238 2866 507 2930 Tiresiae
549 2872 745 2932 vultus
786 2889 1113 2951 vocemque
1158 2880 1217 2932 et
1257 2870 1484 2932 vellera
1526 2880 1661 2932 nota

235 2952 513 3016 Induitur.
596 2954 869 3017 Mansere
914 2973 1118 3018 comae
1161 2969 1548 3036 propexaque
1586 2964 1782 3018 mento

238 3036 513 3101 Canicies
554 3040 867 3121 pallorque
908 3060 1081 3117 suus,
1127 3040 1233 3101 sed
1267 3040 1417 3101 falsa
1454 3043 1708 3102 cucurrit

236 3121 424 3186 Insula
467 3144 576 3206 per
622 3127 852 3204 crines,
895 3125 1262 3204 glaucaeque
1305 3127 1553 3187 innexus
1588 3127 1783 3187 olivae

236 3205 523 3271 vittarum
559 3212 830 3292 provenit
863 3211 1083 3280 honos;
1124 3210 1337 3271 dehinc
1375 3219 1620 3291 tangere
1647 3228 1807 3272 ramo
2141 3219 2241 3275 100

237 3289 492 3356 Pectora
540 3307 597 3357 et
634 3296 739 3358 has
780 3297 941 3358 visus
984 3295 1233 3357 fatorum
1280 3313 1630 3377 expromere
1675 3313 1887 3357 voces:

370 3378 539 3440 ‘Non
583 3383 766 3440 somni
805 3381 911 3442 tihi
953 3390 1180 3460 tempus
1219 3383 1411 3460 iners,
1450 3383 1546 3462 qui
1589 3390 1761 3444 nocte
1804 3379 1913 3442 sub
1957 3377 2071 3440 alta

239 3466 513 3530 Germani
554 3483 765 3528 secure
812 3466 1008 3548 iaces,
1049 3467 1308 3548 ingentia
1342 3465 1554 3530 dudum
