2517 3909
839 154 1237 208 rnussmnos
1281 156 1422 206 Lm.
1467 158 1559 207 v1.
2080 145 2193 206 115

214 311 435 373 Oderat
477 318 650 391 atque
694 310 899 373 oculos
943 309 1221 374 flectebat
1264 312 1336 374 ab
1378 314 1567 376 omine
1611 324 1809 377 mater.
1896 331 1903 338 ‘

340 394 515 456 Arma
558 397 729 457 etiam
771 406 831 457 et
870 406 1134 458 veterum
1187 399 1423 460 exuvias
1470 399 1783 462 circumdat
1812 417 2052 464 avorum

214 479 415 541 Gloria
456 480 631 541 mixta
670 481 835 541 malis
875 481 1246 561 afflictaeque
1287 483 1530 545 ambitus
1572 484 1761 560 aulae,

213 563 339 625 Ceu
382 564 603 643 grande
651 566 914 645 exequiis
957 583 1101 628 onus
1140 576 1316 646 atque
1358 570 1615 630 inmensa
1652 569 1910 630 ferantur
2016 637 2019 642 ³

210 648 471 710 Membra
511 658 676 727 toro,
722 650 827 711 sed
872 668 1040 712 cassa
1082 660 1277 712 tamen
1316 652 1649 732 sterilisque
1693 654 1960 719 dolentes
2102 665 2199 720 ,70

210 732 388 795 Fama
433 735 622 811 iuvat,
659 736 941 814 parvique
986 745 1308 813 augescunt
1349 737 1555 798 funere
1595 756 1812 799 manes.

207 817 352 880 Inde
395 818 602 896 ingens
640 818 892 879 lacrimis
938 819 1125 881 honor
1164 830 1222 881 et
1264 822 1586 884 miseranda
1626 823 1917 904 voluptas,

207 902 571 982 Muneraque
614 904 672 962 in
713 905 942 965 cineres
971 906 1141 966 annis
1177 907 1450 984 graviora
1488 906 1767 968 feruntur.

205 987 473 1067 Namque
514 988 599 1048 illi
641 996 700 1048 et
739 988 1042 1068 pharetras
1086 989 1476 1070 brevioraque
1519 990 1637 1053 tela
1679 991 1896 1055 dicarat

208 1072 480 1134 Festinus
521 1074 643 1133 voti
686 1083 853 1152 pater
895 1075 1274 1154 insontesque
1316 1077 1576 1153 sagittas.
2131 1088 2198 1146 75

208 1157 331 1219 Iam
373 1167 507 1219 tunc
551 1167 609 1218 et
648 1167 785 1219 nota
831 1158 1076 1220 stabulis
1117 1159 1190 1220 de
1230 1169 1408 1238 gente
1452 1160 1737 1241 probatos

207 1240 277 1302 In
315 1258 523 1303 nomen
565 1242 848 1323 pascebat
892 1260 1079 1324 equos
1121 1246 1465 1324 cinctusque
1511 1255 1789 1308 sonantes

207 1326 504 1406 Armaque
545 1330 796 1392 maiores
837 1336 1220 1407 expectatura
1264 1329 1540 1392 lacertos.

211 1412 371 1490 Spes
413 1412 646 1474 avidae!
692 1431 836 1494 quas
879 1413 1096 1474 non‘in
1133 1431 1346 1474 nomen
1389 1415 1626 1476 credula
1669 1424 1869 1482 vestes

210 1493 479 1572 Urgebat
519 1498 707 1558 studio
754 1497 1059 1577 cultusque
1104 1499 1350 1576 insignia
1391 1501 1558 1577 regni
1888 1541 1913 1577 -2
2128 1508 2201 1563 80

209 1578 545 1659 Purpureos
590 1591 998 1662 sceptrumque
1031 1583 1223 1646 minus
1235 1580 1268 1650 J?
1314 1592 1519 1644 cuncta
1555 1583 1785 1662 ignibus
1818 1585 1961 1646 atris
2152 1607 2161 1616 ·

209 1662 458 1726 Damnat
499 1672 666 1725 atrox
708 1684 927 1747 suaque
968 1668 1097 1746 ipse
1140 1685 1358 1747 paren-s
1391 1669 1709 1744 gestamina
1751 1668 1913 1745 ferri,

212 1748 277 1808 Si
322 1748 537 1809 damnis
575 1749 835 1810 rabidum
879 1761 1053 1830 queat
1097 1761 1406 1814 exaturare
1449 1752 1731 1814 dolorem.

338 1831 508 1894 Parte
551 1834 663 1894 alia
698 1836 864 1912 gnari
896 1836 1123 1896 monitis
1169 1839 1465 1904 exercitus
1508 1838 1679 1896 instat

213 1915 501 1996 Auguris,
548 1920 763 1980 aeriam
806 1920 1024 1986 truncis
1065 1939 1476 2001 nemorumque
1518 1923 1679 1981 ruina
1962 1977 1967 1984 .
2131 1931 2199 1986 85

211 2000 423 2063 Montis
468 2021 611 2063 onus
654 2003 943 2066 cumulare
989 2023 1224 2083 pyram3
1273 2024 1421 2085 quae
1467 2006 1705 2066 crimina
1747 2007 1905 2068 caesi

210 2086 436 2164 Anguis
480 2096 541 2149 et
577 2088 806 2149 infausti
851 2098 1069 2150 cremet
1106 2098 1227 2151 atra
1272 2090 1500 2169 piacula
1541 2089 1703 2152 belli.

207 2170 314 2231 I-Iis
353 2171 524 2232 labor
562 2174 814 2236 accisam
849 2171 1109 2236 Nemeen
1147 2173 1531 2254 umbrosaque
1575 2174 1796 2253 Tempe

207 2255 603 2336 Praecipitare
647 2256 782 2317 solo
821 2257 1108 2339 lucosque
1151 2260 1465 2322 ostendere
1514 2258 1774 2322 Phoebo.
2010 2301 2017 2308 -
2166 2315 2175 2326 .

212 2341 500 2401 Sternitur
539 2342 836 2420 extemplo
871 2352 1114 2406 sveteres
1158 2344 1435 2406 incaedua
1480 2345 1640 2404 ferro
2133 2354 2204 2414 90

212 2426 373 2487 Silva
415 2443 647 2503 comas»,
683 2426 888 2506 largae
934 2445 1047 2507 qua
1089 2446 1204 2492 non
1250 2430 1583 2507 opulentior
1624 2428 1860 2489 umbrae

206 2510 528 2588 Argolicos
570 2513 721 2571 inter
763 2512 1060 2592 saltusque
1099 2513 1310 2574 educta
1348 2513 1613 2588 Lycaeos

208 2594 516 2657 Extulerat
554 2614 733 2675 super
775 2605 930 2660 astra
973 2606 1179 2677 caput:
1217 2605 1330 2660 stat
1367 2614 1535 2658 sacra
1578 2603 1859 2658 senectae

205 2678 489 2757 Numine,
532 2698 645 2741 nec
688 2681 851 2742 solos
894 2681 1183 2744 hominum
1224 2691 1591 2759 transgressa
1626 2677 1881 2742 veterno'
2007 2722 2011 2726 -

207 2763 421 2825 Fertur
466 2782 640 2842 avoS‚
686 2764 982 2845 Nymphas
1028 2767 1198 2828 etiam
1238 2774 1493 2827 mutasse
1538 2774 1842 2845 superstes
2132 2775 2202 2834 95

208 2847 651 2929 Faunorumque
693 2868 933 2928 greges.
1015 2850 1238 2912 Aderat
1270 2850 1606 2914 miserabile
1650 2850 1784 2916 luco

204 2931 547 2996 Excidium:
590 2934 800 3013 fugere
842 2936 1039 3013 ferae,
1083 2936 1371 3015 nidosque
1412 2944 1684 3016 tepentes

205 3016 538 3095 Absiliuut,
582 3028 771 3080 metus
812 3028 1016 3097 urget,
1060 3038 1236 3089 aves:
1285 3020 1441 3084 cadit
1478 3020 1657 3084 ardua
1696 3019 1891 3098 fagus,

208 3100 644 3182 Chaoniumque
687 3122 890 3168 nemus
929 3104 1288 3184 brumaeque
1331 3105 1553 3166 inlaesa
1595 3123 1934 3185 cupressus,

205 3186 601 3252 Procumbunt
649 3189 889 3269 piceae,
933 3190 1173 3258 flammis
1211 3189 1478 3252 alimenta
1508 3189 1833 3269 supremis,
2098 3200 2202 3253 100

210 3269 469 3353 Ornique
509 3273 835 3352 iliceaeque
877 3273 1077 3336 trabes
1115 3275 1537 3353 metuendaque
1581 3290 1761 3336 succo
2008 3311 2015 3318 -

209 3354 409 3418 Taxus
455 3366 512 3418 et
555 3357 822 3420 infandos
866 3359 1011 3421 belli
1052 3359 1260 3439 potura
1306 3375 1549 3424 cruores

203 3439 491 3505 Fraxinus
529 3450 701 3524 atque
740 3445 851 3506 situ
894 3461 1010 3506 non
1054 3443 1442 3526 expugnabile
1486 3442 1685 3505 robur.
1785 3525 1870 3587 8*
