2517 3909
785 169 788 172 >
855 151 1253 203 THEBAmos
1283 149 1590 202 ‘n113..111.
2139 141 2221 202 53

221 308 503 371 multifida
544 308 826 372 attollens
869 310 1100 389 antiqua
1145 310 1355 371 lumina
1380 311 1605 386 'cedi-o,

219 393 413 456 Nocte
458 394 612 455 subit
660 411 897 474 campos
936 403 1251 475 versatque
1272 397 1352 455 ”in
1396 398 1675 475 sanguine
1708 395 2057 457 iunctum-2·

217 480 482 558 Vulgus,
527 489 587 541 et
629 480 901 559 explorat
927 483 1168 557 maneS,
1203 481 1301 540 cui
1320 481 1588 560 plurima
1632 481 1803 541 busto

218 564 478 645 Imperet
517 565 591 626 ad
637 567 938 665 superes}
965 566 1294 634 animarum
1316 575 1543 627 moesta
1573 574 1905 660 queruntur
2119 574 2219 628 145

220 647 520 727 Concilia,
569 659 629 710 et
672 650 823 728 nigri
844 653 1033 750 pater
1073 650 1401 728 indignatur
1441 650 1684 710 Averni.
1778 671 1785 676 ·
2070 673 2077 682 ·

345 734 437 794 Illi
483 736 539 794 ἰιι
577 747 822 795 secessu
865 736 1082 813 pariter
1124 736 1230 795 sub
1277 754 1423 815 rupe
1454 735 1736 796 iacebant
1796 779 1803 784 «

216 817 494 897 Felices,
541 837 690 898 quos
734 837 843 880 una
879 819 1037 897 dies,
1083 835 1284 879 manus
1327 820 1562 881 abstulit
1605 831 1738 897 una,
1850 867 1857 876 .

216 904 425 965 Pervia
467 904 805 965 vulneribus
846 904 1033 965 media
1073 904 1240 965 trabe
1285 915 1545 985 pectora
1569 907 1725 966 nexi.

216 988 296 1051 Ut
337 988 481 1050 vidit
524 990 912 1069 lacrimisque
941 989 1099 1049 oculi
1143 1000 1391 1069 patuere
1436 991 1727 1069 profusis:
2116 1001 2220 1053 150

346 1071 586 1134 ‘Hosne
629 1091 744 1153 ego
789 1074 1162 1153 complexus,
1197 1077 1506 1175 genetrix,
1551 1075 1701 1135 haee
1747 1074 1986 1152 oscula,
2032 1078 2170 1149 nati,

213 1159 431 1219 Vestra
474 1157 648 1220 tuor?
688 1160 774 1220 sic
815 1176 925 1219 vos
972 1168 1233 1219 extremo
1276 1161 1335 1219 in*
1377 1160 1491 1220 fine
1535 1161 1738 1239 ligavit

212 1244 516 1322 Ingenium
561 1244 802 1305 crudele
844 1241 1050 1304 necis?
1092 1262 1242 1324 quae
1282 1245 1526 1306 vulnera
1573 1247 1840 1321 tractem,

215 1328 386 1403 Quae
431 1330 589 1409 prius
635 1347 738 1391 ora
773 1326 1074 1409 premam?
1112 1347 1299 1389 vosne
1333 1331 1449 1391 illa
1489 1331 1749 1409 potentia
1784 1329 2031 1406 matris,-

210 1413 344 1473 Vos
385 1416 532 1474 uteri
570 1415 800 1475 fortuna
840 1415 985 1489 mei,-
1028 1431 1139 1492 qua
1181 1424 1427 1493 tangere
1462 1416 1640 1485 divos
2118 1425 2216 1477 155

211 1496 416 1559 Rebar
459 1507 518 1558 et
556 1498 816 1577 Ogygias
850 1499 1030 1559 titulis
1074 1501 1295 1574 anteire
1341 1497 1660 1579 parentes?
2150 1515 2155 1519 ’
2194 1525 2201 1534 ·

209 1582 295 1643 At
339 1592 551 1662 quanto
595 1584 804 1643 melius
846 1583 1169 1663 dextraque
1211 1587 1270 1644 in
1311 1593 1470 1645 sorte
1513 1586 1784 1663 iugatae,
1844 1611 1847 1618 ·

214 1666 361 1741 Quis
400 1668 633 1729 steriles
676 1667 912 1727 thalami
952 1668 1229 1747 nulloq'ue
1270 1670 1483 1730 ululata
1523 1670 1730 1729 dolore

210 1749 501 1833 Respexit
540 1752 756 1814 Lucina
800 1752 1059 1812 domum!
1146 1752 1315 1813 Mihi
1310 1755 1542 1833 quippe
1580 1753 1865 1837 malornm
2204 1808 2208 1812 .

216 1836 408 1899 Causa
452 1837 648 1909 lahor3
696 1837 802 1897 sed
849 1853 962 1897 nec
997 1836 1285 1897 bellorum
1322 1840 1385 1897 in
1422 1838 1556 1898 luce
1593 1827 1820 1938 patenti
2114 1845 2219 1900 160

216 1921 532 2002 Conspicui
576 1923 749 1984 factis
784 1925 1142 2002 aeternaque
1180 1922 1448 1999 gentihus
1495 1923 1638 1999 ausi,

211 2006 543 2082 Quaesistis
582 2009 834 2083 miserae
877 2007 1083 2070 vulnus
1125 2006 1503 2068 memorabile
1546 2008 1733 2085 matri,

214 2092 339 2153 Sed
379 2101 622 2153 mortem
665 2091 977 2153 obscuram
1015 2093 1462 2173 miserandaque
1502 2091 1705 2152 funera
1748 2092 1929 2171 passi.

210 2176 343 2237 Heu
383 2186 628 2256 quantus
671 2178 838 2240 furto·
866 2189 1044 2238 cruor
1086 2186 1146 2237 et
1188 2180 1316 2239 sine
1362 2177 1533 2238 laude
1576 2176 1812 2238 iacetis!
2204 2232 2211 2235 ,

213 2260 368 2335 Quin
413 2279 528 2339 ego
573 2279 689 2322 non
731 2263 966 2323 dextras
1004 2263 1235 2325 miseris
1281 2262 1689 2344 complexibus
1731 2260 1913 2324 ausim
2113 2269 2215 2325 165

209 2344 493 2407 Dividere
546 2355 605 2406 et
640 2348 781 2407 tanti
821 2349 1124 2409 consortia
1157 2367 1435 2429 rumpere
1484 2348 1621 2408 leti:

209 2427 301 2490 Ite
348 2431 442 2491 diu
484 2430 697 2492 fratres
737 2430 1173 2513 indiscretique
1189 2434 1480 2514 supremis
1578 2459 1581 2466 ·

208 2512 454 2593 Ignibus
498 2525 557 2576 et
607 2517 779 2576 caros
821 2536 963 2579 urna
1008 2518 1344 2580 confundite
1389 2515 1652 2578 manesl’

342 2598 468 2660 Nec
510 2602 696 2661 minus
739 2602 963 2663 interea
1004 2602 1230 2680 digesta
1274 2612 1474 2680 strage
1516 2615 1755 2662 suorum
1808 2605 1813 2610 ⁴
1890 2625 1935 2640 ι’

206 2684 359 2747 Hinc
404 2681 748 2746 Chthonium
788 2687 1040 2761 coniux,
1075 2687 1208 2747 lrinc
1251 2697 1439 2747 mater
1475 2685 1732 2747 Penthea
1776 2685 1987 2744 clamat
2112 2691 2217 2748 170

208 2769 551 2848 Astyoche,
590 2771 875 2851 puerique
917 2771 1091 2831 rudes
1134 2782 1267 2848 tua,
1308 2772 1647 2846 Phaedime,
1694 2770 1901 2850 proles

209 2856 506 2917 Amissum
549 2856 812 2917 didicere
857 2857 1113 2934 patrem',
1155 2855 1561 2936 Marpissaque
1596 2863 1838 2935 pactum·

206 2939 490 3017 Phyllea,
540 2941 1031 3018 sanguineumque
1075 2939 1269 3001 lavant
1302 2940 1618 3002 Acamanta
1654 2953 1954 3004 sorores..

342 3024 505 3085 Tunc
541 3025 704 3085 ferro
750 3033 1021 3101 retegunt
1058 3025 1295 3101 silvas,.
1320 3026 1610 3105 collisque
1654 3024 1967 3105 propinqui

209 3110 511 3170 Annosum
549 3118 818 3169 truncant
853 3110 1119 3189 apicem,
1157 3111 1271 3188 'qui
1314 3111 1774 3170 conscius-actis
1827 3115 1832 3122 '
2112 3111 2212 3170 1⁷5

205 3193 418 3255 Noctis
459 3202 518 3253 et
553 3196 816 3274 inspexit
844 3197 1121 3272 gemitum
1167 3195 1248 3253 ibi
1282 3195 1559 3273 grandior
1602 3212 1750 3255 aevo
1858 3223 1871 3234 a

205 3279 364 3338 Ante
408 3295 625 3356 rogos,
674 3279 1095 3359 dum··quisque
1139 3297 1248 3362 suo
1290 3281 1491 3359 nequit
1524 3280 1661 3357 igne
1706 3277 1942 3354 revelli,
2018 3303 2023 3312 ·

208 3361 537 3422 Concilium
572 3363 876 3424 infaustum
921 3364 1090 3425 dictis
1133 3363 1747 3428 mulcebat'Alethes:

342 3447 572 3527 ‘Saepe
620 3448 849 3528 quidem
892 3448 1128 3526 infelix,
1170 3450 1455 3528 varioque
1500 3448 1762 3508 exercita
1804 3446 1943 3507 ludo
2004 3469 2009 3482 ·
