2517 3909
345 127 470 194 100
1040 141 1105 189 P.
1141 140 1415 190 mmm
1454 141 1688 192 snm

343 302 626 376 Pectora,
668 315 783 359 nec
814 297 1087 377 requies,
1126 297 1265 377 quin
1300 307 1361 359 et
1402 299 1699 377 surgen&
1733 299 1911 361 coelo

343 385 601 446 Flamina
640 393 700 444 ct
742 401 777 443 e
820 384 1044 444 cunctis
1089 392 1467 462 prospectem
1508 384 1761 445 collibus
1798 385 2000 446 undas.
2242 398 2345 453 295

475 468 787 529 ‘Exoritur
827 467 1158 547 pudibunda
1201 468 1330 529 dies
1372 469 1722 548 coelumque
1766 479 2047 531 retexens

345 554 633 615 Aversum
667 552 885 613 Lemno
927 552 1124 629 iubar,
1170 562 1231 613 et
1267 552 1517 614 declinia
1558 554 1727 614 Titan

346 638 630 719 Opposita
669 638 807 715 iuga
850 637 1003 698 nube
1042 637 1257 698 refert:
1298 647 1543 717 patuere
1586 638 1821 699 furores

339 723 658 798 Nocturni,
704 723 970 802 lucisque
1005 740 1196 784 novae
1231 723 1539 784 formidine
1575 726 1802 785 cunctis
1842 758 1926 768 —-

344 807 702 887 Quamquam
733 809 884 868 inter
916 808 1136 869 similes
1177 842 1265 853 —-
1299 807 1531 868 habitus
1562 807 1776 885 rubor,
1821 807 1976 887 inpia
2002 819 2202 872 terrae
2240 818 2344 876 300

341 892 631 954 Infodiunt
671 892 940 970 scelera,
983 902 1080 953 aut
1121 893 1347 953 festinis
1385 893 1845 971 ignibus-urunt.

343 978 463 1039 Iam
502 995 703 1039 manus
738 975 1115 1038 Eumenidum
1156 986 1477 1057 captasque
1519 978 1824 1056 refugerat
1865 995 2037 1039 arces

343 1062 659 1124 Exuturata
698 1060 931 1139 Venus,
971 1062 1136 1123 licuit
1176 1063 1426 1139 sentire,
1465 1062 1602 1142 quid
1636 1080 1851 1140 ausae,

343 1146 422 1209 Et
459 1147 696 1209 turbare
742 1165 942 1208 comas
981 1156 1044 1208 et
1083 1146 1296 1207 lumina
1332 1148 1562 1226 tingere
1601 1147 1761 1208 fletu.
2316 1195 2327 1206 .

466 1232 695 1294 ‘Insula
734 1232 902 1293 dives
941 1232 1100 1310 agris
1140 1232 1472 1311 opibusque
1512 1234 1802 1312 armisque
1843 1233 2133 1314 virisque,
2240 1244 2343 1300 3⁰5

340 1318 498 1380 Nota
534 1319 645 1378 situ
686 1326 745 1378 et
789 1316 995 1377 Getico
1040 1333 1227 1396 nuper
1268 1317 1441 1378 ditata
1484 1317 1807 1397 triumpho,
1909 1328 1917 1336 '

340 1402 475 1464 Non
511 1402 685 1463 maris
721 1402 989 1478 incursu,
1028 1418 1145 1461 nou
1185 1401 1395 1479 hoste,
1433 1420 1544 1462 nec
1579 1402 1822 1463 aethere
1864 1401 2073 1478 laevo,

340 1487 601 1549 Perdidit
639 1504 751 1547 una
790 1503 993 1546 omnes
1033 1485 1237 1547 orbata
1283 1488 1601 1567 excisaque
1644 1487 1854 1548 mundo

341 1572 683 1650 Indigenas:
728 1587 845 1631 nou
885 1588 1024 1632 arva
1066 1572 1207 1649 viri,
1253 1589 1370 1632 non
1409 1589 1670 1651 aequora
1712 1581 1972 1647 vertunt,

344 1653 698 1717 Conticuere
741 1656 976 1732 domus,
1015 1673 1192 1718 cruor
1229 1656 1414 1733 altus,
1458 1665 1519 1717 et
1558 1656 1739 1717 oblita
1780 1673 1987 1717 crasso
2241 1666 2343 1721 31⁰

346 1740 566 1802 Cuncta
608 1741 818 1803 rubent
857 1740 996 1802 tabo
1016 1786 1035 1818 ,
1079 1758 1444 1820 magnaeque
1484 1741 1544 1801 in
1584 1741 1889 1802 moenibus
1929 1740 2089 1802 urbis

342 1826 469 1888 Nos
511 1835 763 1903 tantum,
804 1835 866 1887 et
904 1827 1068 1887 saevi
1107 1827 1331 1905 spirant
1373 1844 1482 1905 per
1525 1826 1770 1886 culmina
1810 1843 2031 1887 manes.

470 1910 642 1991 ‘Ipsa
688 1928 923 1992 quoque
967 1912 1196 1972 arcanis
1236 1912 1379 1971 tecti
1417 1912 1476 1970 iu
1516 1910 1914 1990 penetralibus
1952 1912 2072 1972 alto

343 1996 556 2059 Holior
595 1997 734 2075 igue
771 2014 1010 2077 pyram,
1057 2005 1355 2075 sceptrum
1397 2014 1578 2075 super
1618 2012 1893 2075 armaque
1933 1998 2117 2076 patris

340 2082 522 2144 Inicio
566 2090 624 2142 et
664 2090 834 2141 notas
867 2098 1074 2158 regum
1114 2081 1439 2159 gestamina
1475 2089 1712 2157 vestes,
2240 2090 2340 2145 315

342 2167 436 2230 Ac
478 2183 669 2246 prope
707 2174 933 2226 moesta
969 2181 1176 2243 rogum
1221 2165 1480 2225 confusis
1522 2164 1754 2244 ignibus
1795 2165 1964 2226 adsto

341 2252 502 2314 Ense
546 2258 881 2326 cruentato,
929 2249 1312 2329 fraudemque
1356 2259 1414 2311 et
1456 2251 1644 2311 inania
1686 2250 1856 2310 busta

339 2336 563 2415 Plango
604 2343 796 2412 metu,
840 2334 890 2394 si
933 2334 1090 2395 forte
1130 2343 1426 2413 premant,
1471 2352 1814 2413 cassumque
1858 2335 2087 2415 parenti

346 2421 530 2482 Omen
576 2429 635 2481 et
674 2420 787 2481 hac
825 2417 1030 2480 dubios
1065 2418 1169 2480 leti
1210 2435 1433 2500 precor
1472 2420 1560 2480 ire
1602 2420 1860 2480 timores.
2114 2441 2119 2444 *

470 2504 609 2566 ‘His
652 2504 788 2566 mibi
831 2522 941 2584 pro
981 2504 1234 2580 meritis,
1282 2513 1342 2565 ut
1387 2504 1521 2565 falsi
1558 2504 1810 2565 criminis
1854 2513 1977 2564 astu
2241 2511 2344 2568 3²0

342 2591 512 2653 Parta
557 2589 735 2667 fides,
772 2607 960 2668 regno
1004 2598 1065 2650 et
1105 2589 1262 2650 solio
1312 2587 1622 2650 considere
1656 2588 1841 2669 patris

344 2674 705 2755 Supplicium
751 2673 934 2735 datur.
1024 2672 1193 2734 Anne
1232 2674 1351 2735 illis
1394 2673 1642 2734 obsessa
1678 2669 1997 2750 negarem?

343 2758 626 2834 Accessi,
668 2775 851 2836 saepe
894 2766 1027 2818 aute
1070 2758 1219 2819 deos
1259 2767 1473 2820 testata
1516 2757 1807 2838 fidemque

345 2843 764 2921 Inmeritasque
809 2859 1039 2911 mauus;
1084 2841 1273 2903 subeo
1314 2878 1399 2889 —-
1438 2859 1549 2923 pro
1588 2843 1715 2904 dira
1752 2841 2053 2923 potestas!

343 2928 630 3006 Exangue
669 2926 970 3006 imperium
1012 2934 1071 2986 et
1107 2936 1390 2990 moestam
1435 2930 1558 2988 sine
1598 2927 1849 2989 culmine
1891 2924 2167 2988 Lemnon.
2239 2936 2339 2991 325

474 3011 627 3073 ‘Iam
661 3012 845 3089 magis
876 3019 1051 3090 atque
1086 3013 1277 3090 magis
1307 3013 1520 3091 vigiles
1556 3012 1729 3073 dolor
1755 3027 1976 3089 angere
2004 3028 2219 3072 sensas

344 3096 421 3158 Et
462 3096 711 3175 gemitus
758 3094 933 3171 clari,
983 3104 1042 3156 et
1081 3096 1354 3178 paulatim
1397 3097 1578 3158 invisa
1621 3096 1880 3174 Polyxo,

343 3181 464 3242 Iam
505 3180 836 3242 meminisse
881 3180 1077 3250 nesas3
1122 3183 1233 3241 iam
1273 3199 1499 3261 ponere
1545 3181 1809 3242 manibus
1850 3196 1983 3242 aras

348 3263 738 3341 Concessum,
788 3273 847 3325 et
884 3264 1118 3326 multum
1156 3267 1384 3328 cineres
1424 3268 1616 3327 iurare
1651 3266 1940 3347 sepultos.

347 3349 448 3409 Sic
490 3348 587 3410 ubi
626 3349 927 3410 ductorem
965 3351 1232 3429 trepidae
1276 3350 1605 3430 stabulique
1645 3353 1940 3426 maritum,
2244 3361 2345 3417 330

350 3431 534 3507 Quem
572 3450 758 3513 penes
797 3441 860 3494 et
903 3434 1083 3495 saltus
1129 3443 1188 3496 et
1232 3434 1463 3497 adultae
1500 3435 1689 3516 gloria
1728 3436 1950 3516 gentis,
