<?xml version="1.0" encoding="UTF-8"?>
<!DOCTYPE html PUBLIC "-//W3C//DTD XHTML 1.0 Transitional//EN"
    "http://www.w3.org/TR/xhtml1/DTD/xhtml1-transitional.dtd">
<html xmlns="http://www.w3.org/1999/xhtml" xml:lang="en" lang="en">
 <head>
  <title>
</title>
<meta http-equiv="Content-Type" content="text/html;charset=utf-8" />
  <meta name='ocr-system' content='tesseract 3.04.00' />
  <meta name='ocr-capabilities' content='ocr_page ocr_carea ocr_par ocr_line ocrx_word'/>
</head>
<body>
  <div class='ocr_page' id='page_1' title='image "./ppapiniusstatiu00placgoog_0427.png"; bbox 0 0 2517 3909; ppageno 0'>
   <div class='ocr_carea' id='block_1_1' title="bbox 862 139 2221 218">
    <p class='ocr_par' dir='ltr' id='par_1_1' title="bbox 862 139 2221 218">
     <span class='ocr_line' id='line_1_1' title="bbox 862 139 2221 218; baseline 0.004 -9"><span class='ocrx_word' id='word_1_1' title='bbox 862 158 1265 214; x_wconf 65' lang='lat' dir='ltr'><strong>wasemes</strong></span> <span class='ocrx_word' id='word_1_2' title='bbox 1298 160 1438 212; x_wconf 76' lang='lat' dir='ltr'><strong>m.</strong></span> <span class='ocrx_word' id='word_1_3' title='bbox 1470 162 1564 212; x_wconf 73' lang='lat' dir='ltr'><strong>vx.</strong></span> <span class='ocrx_word' id='word_1_4' title='bbox 2024 139 2035 150; x_wconf 76' lang='grc'><strong><em>’</em></strong></span> <span class='ocrx_word' id='word_1_5' title='bbox 2104 152 2221 218; x_wconf 84' lang='grc'><strong>133</strong></span> 
     </span>
    </p>
   </div>
   <div class='ocr_carea' id='block_1_2' title="bbox 226 313 2314 3526">
    <p class='ocr_par' dir='ltr' id='par_1_2' title="bbox 227 313 2228 482">
     <span class='ocr_line' id='line_1_2' title="bbox 229 313 2228 399; baseline 0.003 -20"><span class='ocrx_word' id='word_1_6' title='bbox 229 313 564 379; x_wconf 87' lang='lat' dir='ltr'><strong>Fulmineas</strong></span> <span class='ocrx_word' id='word_1_7' title='bbox 605 313 724 378; x_wconf 88' lang='lat' dir='ltr'><strong>alte</strong></span> <span class='ocrx_word' id='word_1_8' title='bbox 764 316 1035 397; x_wconf 80' lang='lat' dir='ltr'><strong>suspensi</strong></span> <span class='ocrx_word' id='word_1_9' title='bbox 1077 334 1332 399; x_wconf 80' lang='lat' dir='ltr'><strong>corpora</strong></span> <span class='ocrx_word' id='word_1_10' title='bbox 1372 317 1585 399; x_wconf 78' lang='lat' dir='ltr'><strong>plantis</strong></span> <span class='ocrx_word' id='word_1_11' title='bbox 2124 329 2228 388; x_wconf 76' lang='grc'><strong>760</strong></span> 
     </span>
     <span class='ocr_line' id='line_1_3' title="bbox 227 401 1624 482; baseline 0.001 -18"><span class='ocrx_word' id='word_1_12' title='bbox 227 401 502 464; x_wconf 84' lang='lat' dir='ltr'><strong>Erexere</strong></span> <span class='ocrx_word' id='word_1_13' title='bbox 537 417 770 473; x_wconf 85' lang='lat' dir='ltr'><strong>manus;</strong></span> <span class='ocrx_word' id='word_1_14' title='bbox 812 409 936 462; x_wconf 91' lang='lat' dir='ltr'><strong>tuto</strong></span> <span class='ocrx_word' id='word_1_15' title='bbox 978 403 1188 482; x_wconf 74' lang='lat' dir='ltr'><strong>procul</strong></span> <span class='ocrx_word' id='word_1_16' title='bbox 1230 421 1336 465; x_wconf 82' lang='lat' dir='ltr'><strong>ora</strong></span> <span class='ocrx_word' id='word_1_17' title='bbox 1380 421 1624 469; x_wconf 77' lang='lat' dir='ltr'><strong>recessu</strong></span> 
     </span>
    </p>

    <p class='ocr_par' dir='ltr' id='par_1_3' title="bbox 227 486 1886 568">
     <span class='ocr_line' id='line_1_4' title="bbox 227 486 1886 568; baseline 0.001 -19"><span class='ocrx_word' id='word_1_18' title='bbox 227 486 544 549; x_wconf 82' lang='lat' dir='ltr'><strong>Armorum</strong></span> <span class='ocrx_word' id='word_1_19' title='bbox 581 488 642 547; x_wconf 93' lang='lat' dir='ltr'><strong>in</strong></span> <span class='ocrx_word' id='word_1_20' title='bbox 675 486 953 566; x_wconf 76' lang='lat' dir='ltr'><strong>speculis,</strong></span> <span class='ocrx_word' id='word_1_21' title='bbox 995 487 1297 568; x_wconf 83' lang='lat' dir='ltr'><strong>aditusque</strong></span> <span class='ocrx_word' id='word_1_22' title='bbox 1336 488 1410 551; x_wconf 82' lang='lat' dir='ltr'><strong>ad</strong></span> <span class='ocrx_word' id='word_1_23' title='bbox 1444 488 1687 552; x_wconf 77' lang='lat' dir='ltr'><strong>vulnera</strong></span> <span class='ocrx_word' id='word_1_24' title='bbox 1720 489 1886 552; x_wconf 83' lang='lat' dir='ltr'><strong>clusi.</strong></span> 
     </span>
    </p>

    <p class='ocr_par' dir='ltr' id='par_1_4' title="bbox 227 570 1838 652">
     <span class='ocr_line' id='line_1_5' title="bbox 227 570 1838 652; baseline 0.001 -19"><span class='ocrx_word' id='word_1_25' title='bbox 227 571 345 633; x_wconf 85' lang='lat' dir='ltr'><strong>Hic</strong></span> <span class='ocrx_word' id='word_1_26' title='bbox 388 579 633 652; x_wconf 77' lang='lat' dir='ltr'><strong>quantus</strong></span> <span class='ocrx_word' id='word_1_27' title='bbox 670 570 890 649; x_wconf 71' lang='lat' dir='ltr'><strong>Stygiis</strong></span> <span class='ocrx_word' id='word_1_28' title='bbox 933 570 1136 649; x_wconf 73' lang='lat' dir='ltr'><strong>Tityos</strong></span> <span class='ocrx_word' id='word_1_29' title='bbox 1180 582 1497 652; x_wconf 72' lang='lat' dir='ltr'><strong>consurgat</strong></span> <span class='ocrx_word' id='word_1_30' title='bbox 1543 573 1616 636; x_wconf 87' lang='lat' dir='ltr'><strong>ab</strong></span> <span class='ocrx_word' id='word_1_31' title='bbox 1659 574 1838 652; x_wconf 82' lang='lat' dir='ltr'><strong>arvis,</strong></span> 
     </span>
    </p>

    <p class='ocr_par' dir='ltr' id='par_1_5' title="bbox 227 655 2225 904">
     <span class='ocr_line' id='line_1_6' title="bbox 229 655 1816 739; baseline 0.001 -21"><span class='ocrx_word' id='word_1_32' title='bbox 229 657 299 718; x_wconf 88' lang='lat' dir='ltr'><strong>Si</strong></span> <span class='ocrx_word' id='word_1_33' title='bbox 341 664 545 717; x_wconf 81' lang='lat' dir='ltr'><strong>torvae</strong></span> <span class='ocrx_word' id='word_1_34' title='bbox 583 655 869 736; x_wconf 82' lang='lat' dir='ltr'><strong>patiantur</strong></span> <span class='ocrx_word' id='word_1_35' title='bbox 909 673 1085 733; x_wconf 76' lang='lat' dir='ltr'><strong>aves,</strong></span> <span class='ocrx_word' id='word_1_36' title='bbox 1128 665 1286 721; x_wconf 82' lang='lat' dir='ltr'><strong>tanta</strong></span> <span class='ocrx_word' id='word_1_37' title='bbox 1325 658 1577 737; x_wconf 76' lang='lat' dir='ltr'><strong>undique</strong></span> <span class='ocrx_word' id='word_1_38' title='bbox 1620 658 1816 739; x_wconf 72' lang='lat' dir='ltr'><strong>pandit</strong></span> 
     </span>
     <span class='ocr_line' id='line_1_7' title="bbox 227 738 2225 819; baseline 0.003 -18"><span class='ocrx_word' id='word_1_39' title='bbox 227 738 625 801; x_wconf 80' lang='lat' dir='ltr'><strong>Membrorum</strong></span> <span class='ocrx_word' id='word_1_40' title='bbox 667 741 855 819; x_wconf 74' lang='lat' dir='ltr'><strong>spatia</strong></span> <span class='ocrx_word' id='word_1_41' title='bbox 898 749 957 802; x_wconf 89' lang='lat' dir='ltr'><strong>et</strong></span> <span class='ocrx_word' id='word_1_42' title='bbox 990 742 1162 805; x_wconf 82' lang='lat' dir='ltr'><strong>tantis</strong></span> <span class='ocrx_word' id='word_1_43' title='bbox 1205 741 1371 805; x_wconf 72' lang='lat' dir='ltr'><strong>ferus</strong></span> <span class='ocrx_word' id='word_1_44' title='bbox 1402 742 1637 804; x_wconf 77' lang='lat' dir='ltr'><strong>ossibus</strong></span> <span class='ocrx_word' id='word_1_45' title='bbox 1675 752 1855 808; x_wconf 81' lang='lat' dir='ltr'><strong>extat</strong></span> <span class='ocrx_word' id='word_1_46' title='bbox 2122 751 2225 808; x_wconf 75' lang='lat'><strong>&#39;755</strong></span> 
     </span>
     <span class='ocr_line' id='line_1_8' title="bbox 227 823 1798 904; baseline 0.002 -19"><span class='ocrx_word' id='word_1_47' title='bbox 227 823 346 886; x_wconf 85' lang='lat' dir='ltr'><strong>Hic</strong></span> <span class='ocrx_word' id='word_1_48' title='bbox 380 825 557 903; x_wconf 87' lang='lat' dir='ltr'><strong>paulo</strong></span> <span class='ocrx_word' id='word_1_49' title='bbox 598 831 730 886; x_wconf 89' lang='lat' dir='ltr'><strong>ante</strong></span> <span class='ocrx_word' id='word_1_50' title='bbox 765 843 945 904; x_wconf 78' lang='lat' dir='ltr'><strong>puer,</strong></span> <span class='ocrx_word' id='word_1_51' title='bbox 989 825 1096 889; x_wconf 87' lang='lat' dir='ltr'><strong>sed</strong></span> <span class='ocrx_word' id='word_1_52' title='bbox 1135 827 1287 888; x_wconf 83' lang='lat' dir='ltr'><strong>euim</strong></span> <span class='ocrx_word' id='word_1_53' title='bbox 1329 827 1603 890; x_wconf 78' lang='lat' dir='ltr'><strong>maturius</strong></span> <span class='ocrx_word' id='word_1_54' title='bbox 1648 845 1798 890; x_wconf 79' lang='lat' dir='ltr'><strong>aevo</strong></span> 
     </span>
    </p>

    <p class='ocr_par' dir='ltr' id='par_1_6' title="bbox 232 908 1884 992">
     <span class='ocr_line' id='line_1_9' title="bbox 232 908 1884 992; baseline 0.001 -21"><span class='ocrx_word' id='word_1_55' title='bbox 232 908 470 988; x_wconf 81' lang='lat' dir='ltr'><strong>Robur,</strong></span> <span class='ocrx_word' id='word_1_56' title='bbox 517 918 575 969; x_wconf 91' lang='lat' dir='ltr'><strong>et</strong></span> <span class='ocrx_word' id='word_1_57' title='bbox 610 909 876 988; x_wconf 70' lang='lat' dir='ltr'><strong>ingentes</strong></span> <span class='ocrx_word' id='word_1_58' title='bbox 918 910 1169 991; x_wconf 82' lang='lat' dir='ltr'><strong>spondet</strong></span> <span class='ocrx_word' id='word_1_59' title='bbox 1202 920 1373 972; x_wconf 89' lang='lat' dir='ltr'><strong>tener</strong></span> <span class='ocrx_word' id='word_1_60' title='bbox 1405 911 1651 992; x_wconf 78' lang='lat' dir='ltr'><strong>inpetus</strong></span> <span class='ocrx_word' id='word_1_61' title='bbox 1680 929 1884 988; x_wconf 75' lang='lat' dir='ltr'><strong>annos,</strong></span> 
     </span>
    </p>

    <p class='ocr_par' dir='ltr' id='par_1_7' title="bbox 226 993 2074 1159">
     <span class='ocr_line' id='line_1_10' title="bbox 232 993 2074 1076; baseline 0.002 -23"><span class='ocrx_word' id='word_1_62' title='bbox 232 993 425 1068; x_wconf 83' lang='lat' dir='ltr'><strong>Quem</strong></span> <span class='ocrx_word' id='word_1_63' title='bbox 465 994 619 1055; x_wconf 80' lang='lat' dir='ltr'><strong>vinci</strong></span> <span class='ocrx_word' id='word_1_64' title='bbox 660 994 811 1058; x_wconf 76' lang='lat' dir='ltr'><strong>haud</strong></span> <span class='ocrx_word' id='word_1_65' title='bbox 855 995 1188 1075; x_wconf 69' lang='lat' dir='ltr'><strong>quisquam,</strong></span> <span class='ocrx_word' id='word_1_66' title='bbox 1232 1012 1416 1059; x_wconf 63' lang='lat' dir='ltr'><strong>saevo</strong></span> <span class='ocrx_word' id='word_1_67' title='bbox 1458 1013 1573 1060; x_wconf 87' lang='lat' dir='ltr'><strong>nec</strong></span> <span class='ocrx_word' id='word_1_68' title='bbox 1613 996 1892 1076; x_wconf 67' lang='lat' dir='ltr'><strong>anguine</strong></span> <span class='ocrx_word' id='word_1_69' title='bbox 1930 996 2074 1074; x_wconf 79' lang='lat' dir='ltr'><strong>tingi</strong></span> 
     </span>
     <span class='ocr_line' id='line_1_11' title="bbox 226 1077 1594 1159; baseline 0.001 -20"><span class='ocrx_word' id='word_1_70' title='bbox 226 1077 431 1155; x_wconf 69' lang='lat' dir='ltr'><strong>malit,</strong></span> <span class='ocrx_word' id='word_1_71' title='bbox 479 1087 540 1140; x_wconf 91' lang='lat' dir='ltr'><strong>et</strong></span> <span class='ocrx_word' id='word_1_72' title='bbox 582 1088 785 1142; x_wconf 81' lang='lat' dir='ltr'><strong>erecto</strong></span> <span class='ocrx_word' id='word_1_73' title='bbox 826 1080 1021 1141; x_wconf 82' lang='lat' dir='ltr'><strong>timeat</strong></span> <span class='ocrx_word' id='word_1_74' title='bbox 1050 1079 1393 1159; x_wconf 77' lang='lat' dir='ltr'><strong>spectacula</strong></span> <span class='ocrx_word' id='word_1_75' title='bbox 1432 1090 1594 1143; x_wconf 82' lang='lat' dir='ltr'><strong>voto.</strong></span> 
     </span>
    </p>

    <p class='ocr_par' dir='ltr' id='par_1_8' title="bbox 233 1161 2314 1583">
     <span class='ocr_line' id='line_1_12' title="bbox 357 1161 2314 1245; baseline 0.002 -23"><span class='ocrx_word' id='word_1_76' title='bbox 357 1161 434 1223; x_wconf 89' lang='lat' dir='ltr'><strong>Ut</strong></span> <span class='ocrx_word' id='word_1_77' title='bbox 481 1179 618 1223; x_wconf 87' lang='lat' dir='ltr'><strong>sese</strong></span> <span class='ocrx_word' id='word_1_78' title='bbox 657 1164 952 1242; x_wconf 75' lang='lat' dir='ltr'><strong>permensi</strong></span> <span class='ocrx_word' id='word_1_79' title='bbox 990 1163 1209 1241; x_wconf 85' lang='lat' dir='ltr'><strong>oculis,</strong></span> <span class='ocrx_word' id='word_1_80' title='bbox 1251 1173 1317 1230; x_wconf 76' lang='lat' dir='ltr'><strong>et</strong></span> <span class='ocrx_word' id='word_1_81' title='bbox 1356 1173 1603 1245; x_wconf 78' lang='lat' dir='ltr'><strong>uterque</strong></span> <span class='ocrx_word' id='word_1_82' title='bbox 1646 1166 1905 1245; x_wconf 63' lang='lat' dir='ltr'><strong>priorem,</strong></span> <span class='ocrx_word' id='word_1_83' title='bbox 2122 1173 2227 1230; x_wconf 85' lang='grc'><strong>760</strong></span> <span class='ocrx_word' id='word_1_84' title='bbox 2308 1219 2314 1225; x_wconf 90' lang='grc'><strong>.</strong></span> 
     </span>
     <span class='ocr_line' id='line_1_13' title="bbox 234 1246 1843 1328; baseline 0.003 -19"><span class='ocrx_word' id='word_1_85' title='bbox 234 1247 573 1328; x_wconf 78' lang='lat' dir='ltr'><strong>Spei-avere</strong></span> <span class='ocrx_word' id='word_1_86' title='bbox 615 1246 839 1324; x_wconf 87' lang='lat' dir='ltr'><strong>locum,</strong></span> <span class='ocrx_word' id='word_1_87' title='bbox 884 1264 1000 1310; x_wconf 89' lang='lat' dir='ltr'><strong>non</strong></span> <span class='ocrx_word' id='word_1_88' title='bbox 1042 1250 1305 1328; x_wconf 69' lang='lat' dir='ltr'><strong>protinus</strong></span> <span class='ocrx_word' id='word_1_89' title='bbox 1347 1250 1467 1327; x_wconf 85' lang='lat' dir='ltr'><strong>ira,</strong></span> <span class='ocrx_word' id='word_1_90' title='bbox 1505 1268 1620 1311; x_wconf 91' lang='lat' dir='ltr'><strong>nec</strong></span> <span class='ocrx_word' id='word_1_91' title='bbox 1661 1251 1843 1324; x_wconf 77' lang='lat' dir='ltr'><strong>ictus3</strong></span> 
     </span>
     <span class='ocr_line' id='line_1_14' title="bbox 233 1331 1646 1414; baseline 0.002 -21"><span class='ocrx_word' id='word_1_92' title='bbox 233 1332 516 1393; x_wconf 80' lang='lat' dir='ltr'><strong>Alternus</strong></span> <span class='ocrx_word' id='word_1_93' title='bbox 556 1331 789 1411; x_wconf 83' lang='lat' dir='ltr'><strong>paulum</strong></span> <span class='ocrx_word' id='word_1_94' title='bbox 828 1332 1001 1396; x_wconf 78' lang='lat' dir='ltr'><strong>timor</strong></span> <span class='ocrx_word' id='word_1_95' title='bbox 1039 1341 1099 1394; x_wconf 84' lang='lat' dir='ltr'><strong>et</strong></span> <span class='ocrx_word' id='word_1_96' title='bbox 1137 1333 1424 1414; x_wconf 73' lang='lat' dir='ltr'><strong>permixta</strong></span> <span class='ocrx_word' id='word_1_97' title='bbox 1461 1335 1646 1398; x_wconf 81' lang='lat' dir='ltr'><strong>furori</strong></span> 
     </span>
     <span class='ocr_line' id='line_1_15' title="bbox 236 1414 1634 1493; baseline 0.004 -16"><span class='ocrx_word' id='word_1_98' title='bbox 236 1414 532 1493; x_wconf 85' lang='lat' dir='ltr'><strong>Consilia,</strong></span> <span class='ocrx_word' id='word_1_99' title='bbox 572 1414 848 1478; x_wconf 83' lang='lat' dir='ltr'><strong>inclinant</strong></span> <span class='ocrx_word' id='word_1_100' title='bbox 887 1426 1102 1479; x_wconf 82' lang='lat' dir='ltr'><strong>tantum</strong></span> <span class='ocrx_word' id='word_1_101' title='bbox 1145 1420 1436 1481; x_wconf 77' lang='lat' dir='ltr'><strong>contraria</strong></span> <span class='ocrx_word' id='word_1_102' title='bbox 1479 1419 1634 1484; x_wconf 82' lang='lat' dir='ltr'><strong>iactu</strong></span> 
     </span>
     <span class='ocr_line' id='line_1_16' title="bbox 236 1499 1989 1583; baseline 0.001 -21"><span class='ocrx_word' id='word_1_103' title='bbox 236 1499 519 1576; x_wconf 78' lang='lat' dir='ltr'><strong>Brachia,</strong></span> <span class='ocrx_word' id='word_1_104' title='bbox 564 1508 626 1561; x_wconf 88' lang='lat' dir='ltr'><strong>et</strong></span> <span class='ocrx_word' id='word_1_105' title='bbox 666 1501 974 1582; x_wconf 75' lang='lat' dir='ltr'><strong>explorant</strong></span> <span class='ocrx_word' id='word_1_106' title='bbox 1011 1512 1248 1566; x_wconf 76' lang='lat' dir='ltr'><strong>caestus</strong></span> <span class='ocrx_word' id='word_1_107' title='bbox 1287 1501 1681 1583; x_wconf 71' lang='lat' dir='ltr'><strong>hebetantque</strong></span> <span class='ocrx_word' id='word_1_108' title='bbox 1723 1501 1989 1565; x_wconf 82' lang='lat' dir='ltr'><strong>terendo.</strong></span> 
     </span>
    </p>

    <p class='ocr_par' dir='ltr' id='par_1_9' title="bbox 238 1583 2233 2426">
     <span class='ocr_line' id='line_1_17' title="bbox 364 1583 2226 1668; baseline 0.005 -24"><span class='ocrx_word' id='word_1_109' title='bbox 364 1583 611 1647; x_wconf 78' lang='lat' dir='ltr'><strong>Doctior</strong></span> <span class='ocrx_word' id='word_1_110' title='bbox 651 1584 748 1647; x_wconf 82' lang='lat' dir='ltr'><strong>hic</strong></span> <span class='ocrx_word' id='word_1_111' title='bbox 789 1585 984 1648; x_wconf 78' lang='lat' dir='ltr'><strong>differt</strong></span> <span class='ocrx_word' id='word_1_112' title='bbox 1024 1587 1271 1650; x_wconf 72' lang='lat' dir='ltr'><strong>animum</strong></span> <span class='ocrx_word' id='word_1_113' title='bbox 1300 1596 1687 1668; x_wconf 76' lang='lat' dir='ltr'><strong>metuensque</strong></span> <span class='ocrx_word' id='word_1_114' title='bbox 1722 1587 1898 1652; x_wconf 79' lang='lat' dir='ltr'><strong>futuri</strong></span> <span class='ocrx_word' id='word_1_115' title='bbox 2124 1594 2226 1654; x_wconf 75' lang='lat'><strong>76⁵</strong></span> 
     </span>
     <span class='ocr_line' id='line_1_18' title="bbox 238 1667 1652 1750; baseline 0.006 -21"><span class='ocrx_word' id='word_1_116' title='bbox 238 1667 558 1730; x_wconf 87' lang='lat' dir='ltr'><strong>Cunctatus</strong></span> <span class='ocrx_word' id='word_1_117' title='bbox 592 1670 750 1733; x_wconf 80' lang='lat' dir='ltr'><strong>vires</strong></span> <span class='ocrx_word' id='word_1_118' title='bbox 792 1669 1121 1750; x_wconf 76' lang='lat' dir='ltr'><strong>dispensat:</strong></span> <span class='ocrx_word' id='word_1_119' title='bbox 1163 1681 1221 1733; x_wconf 82' lang='lat' dir='ltr'><strong>at</strong></span> <span class='ocrx_word' id='word_1_120' title='bbox 1256 1670 1362 1733; x_wconf 91' lang='lat' dir='ltr'><strong>ille</strong></span> <span class='ocrx_word' id='word_1_121' title='bbox 1401 1672 1652 1736; x_wconf 81' lang='lat' dir='ltr'><strong>nocendi</strong></span> 
     </span>
     <span class='ocr_line' id='line_1_19' title="bbox 238 1754 1817 1834; baseline -0.001 -17"><span class='ocrx_word' id='word_1_122' title='bbox 238 1754 526 1832; x_wconf 77' lang='lat' dir='ltr'><strong>Prodigus</strong></span> <span class='ocrx_word' id='word_1_123' title='bbox 561 1754 941 1834; x_wconf 79' lang='lat' dir='ltr'><strong>incautusque</strong></span> <span class='ocrx_word' id='word_1_124' title='bbox 985 1755 1074 1817; x_wconf 80' lang='lat' dir='ltr'><strong>sui</strong></span> <span class='ocrx_word' id='word_1_125' title='bbox 1115 1756 1229 1818; x_wconf 86' lang='lat' dir='ltr'><strong>ruit</strong></span> <span class='ocrx_word' id='word_1_126' title='bbox 1265 1756 1481 1833; x_wconf 77' lang='lat' dir='ltr'><strong>omnis,</strong></span> <span class='ocrx_word' id='word_1_127' title='bbox 1519 1765 1582 1817; x_wconf 92' lang='lat' dir='ltr'><strong>et</strong></span> <span class='ocrx_word' id='word_1_128' title='bbox 1617 1754 1817 1819; x_wconf 81' lang='lat' dir='ltr'><strong>ambas</strong></span> 
     </span>
     <span class='ocr_line' id='line_1_20' title="bbox 241 1836 1844 1920; baseline -0.001 -19"><span class='ocrx_word' id='word_1_129' title='bbox 241 1836 541 1901; x_wconf 82' lang='lat' dir='ltr'><strong>Consumit</strong></span> <span class='ocrx_word' id='word_1_130' title='bbox 578 1837 705 1901; x_wconf 89' lang='lat' dir='ltr'><strong>sine</strong></span> <span class='ocrx_word' id='word_1_131' title='bbox 747 1837 885 1917; x_wconf 77' lang='lat' dir='ltr'><strong>lege</strong></span> <span class='ocrx_word' id='word_1_132' title='bbox 926 1858 1158 1918; x_wconf 82' lang='lat' dir='ltr'><strong>manus,</strong></span> <span class='ocrx_word' id='word_1_133' title='bbox 1204 1848 1382 1920; x_wconf 79' lang='lat' dir='ltr'><strong>atque</strong></span> <span class='ocrx_word' id='word_1_134' title='bbox 1418 1840 1586 1903; x_wconf 83' lang='lat' dir='ltr'><strong>inrita</strong></span> <span class='ocrx_word' id='word_1_135' title='bbox 1627 1840 1844 1902; x_wconf 83' lang='lat' dir='ltr'><strong>frendit</strong></span> 
     </span>
     <span class='ocr_line' id='line_1_21' title="bbox 239 1924 1915 2006; baseline 0.001 -21"><span class='ocrx_word' id='word_1_136' title='bbox 239 1924 554 2000; x_wconf 72' lang='lat' dir='ltr'><strong>Insui-gens</strong></span> <span class='ocrx_word' id='word_1_137' title='bbox 594 1940 779 2002; x_wconf 83' lang='lat' dir='ltr'><strong>seque</strong></span> <span class='ocrx_word' id='word_1_138' title='bbox 818 1925 947 2003; x_wconf 70' lang='lat' dir='ltr'><strong>ipse</strong></span> <span class='ocrx_word' id='word_1_139' title='bbox 988 1925 1220 2003; x_wconf 77' lang='lat' dir='ltr'><strong>premit.</strong></span> <span class='ocrx_word' id='word_1_140' title='bbox 1304 1924 1427 1988; x_wconf 85' lang='lat' dir='ltr'><strong>Sed</strong></span> <span class='ocrx_word' id='word_1_141' title='bbox 1468 1925 1745 2006; x_wconf 79' lang='lat' dir='ltr'><strong>providus</strong></span> <span class='ocrx_word' id='word_1_142' title='bbox 1788 1931 1915 1987; x_wconf 83' lang='lat' dir='ltr'><strong>astu</strong></span> 
     </span>
     <span class='ocr_line' id='line_1_22' title="bbox 240 2007 2233 2087; baseline 0.001 -17"><span class='ocrx_word' id='word_1_143' title='bbox 240 2008 319 2070; x_wconf 84' lang='lat' dir='ltr'><strong>Et</strong></span> <span class='ocrx_word' id='word_1_144' title='bbox 359 2007 545 2087; x_wconf 84' lang='lat' dir='ltr'><strong>patria</strong></span> <span class='ocrx_word' id='word_1_145' title='bbox 586 2007 728 2086; x_wconf 75' lang='lat' dir='ltr'><strong>vigil</strong></span> <span class='ocrx_word' id='word_1_146' title='bbox 770 2017 895 2069; x_wconf 88' lang='lat' dir='ltr'><strong>arte</strong></span> <span class='ocrx_word' id='word_1_147' title='bbox 935 2008 1131 2073; x_wconf 86' lang='lat' dir='ltr'><strong>Lacon</strong></span> <span class='ocrx_word' id='word_1_148' title='bbox 1165 2009 1279 2077; x_wconf 76' lang='lat' dir='ltr'><strong>hos</strong></span> <span class='ocrx_word' id='word_1_149' title='bbox 1316 2010 1486 2071; x_wconf 88' lang='lat' dir='ltr'><strong>reicit</strong></span> <span class='ocrx_word' id='word_1_150' title='bbox 1523 2010 1692 2087; x_wconf 82' lang='lat' dir='ltr'><strong>ictus,</strong></span> <span class='ocrx_word' id='word_1_151' title='bbox 2127 2014 2233 2073; x_wconf 82' lang='grc'><strong>770</strong></span> 
     </span>
     <span class='ocr_line' id='line_1_23' title="bbox 241 2092 2227 2174; baseline 0 -19"><span class='ocrx_word' id='word_1_152' title='bbox 241 2092 368 2155; x_wconf 83' lang='lat' dir='ltr'><strong>Hos</strong></span> <span class='ocrx_word' id='word_1_153' title='bbox 409 2100 604 2162; x_wconf 77' lang='lat' dir='ltr'><strong>cavet3</strong></span> <span class='ocrx_word' id='word_1_154' title='bbox 648 2092 932 2157; x_wconf 86' lang='lat' dir='ltr'><strong>interdum</strong></span> <span class='ocrx_word' id='word_1_155' title='bbox 967 2103 1115 2155; x_wconf 80' lang='lat' dir='ltr'><strong>nutu·</strong></span> <span class='ocrx_word' id='word_1_156' title='bbox 1141 2095 1469 2174; x_wconf 71' lang='lat' dir='ltr'><strong>capitisque</strong></span> <span class='ocrx_word' id='word_1_157' title='bbox 1514 2094 1671 2156; x_wconf 84' lang='lat' dir='ltr'><strong>citati</strong></span> <span class='ocrx_word' id='word_1_158' title='bbox 2214 2113 2227 2122; x_wconf 87' lang='lat'>·</span> 
     </span>
     <span class='ocr_line' id='line_1_24' title="bbox 238 2175 1716 2257; baseline 0 -18"><span class='ocrx_word' id='word_1_159' title='bbox 238 2176 479 2257; x_wconf 79' lang='lat' dir='ltr'><strong>Integer</strong></span> <span class='ocrx_word' id='word_1_160' title='bbox 522 2175 842 2256; x_wconf 80' lang='lat' dir='ltr'><strong>obsequio,</strong></span> <span class='ocrx_word' id='word_1_161' title='bbox 885 2177 1144 2243; x_wconf 76' lang='lat' dir='ltr'><strong>menibus</strong></span> <span class='ocrx_word' id='word_1_162' title='bbox 1186 2196 1340 2241; x_wconf 89' lang='lat' dir='ltr'><strong>nunc</strong></span> <span class='ocrx_word' id='word_1_163' title='bbox 1385 2178 1560 2243; x_wconf 72' lang='lat' dir='ltr'><strong>obvia</strong></span> <span class='ocrx_word' id='word_1_164' title='bbox 1594 2176 1716 2240; x_wconf 83' lang='lat' dir='ltr'><strong>tela</strong></span> 
     </span>
     <span class='ocr_line' id='line_1_25' title="bbox 239 2261 1688 2343; baseline -0.001 -19"><span class='ocrx_word' id='word_1_165' title='bbox 239 2262 610 2338; x_wconf 83' lang='lat' dir='ltr'><strong>Discutiens‚</strong></span> <span class='ocrx_word' id='word_1_166' title='bbox 656 2261 827 2323; x_wconf 83' lang='lat' dir='ltr'><strong>instat</strong></span> <span class='ocrx_word' id='word_1_167' title='bbox 866 2280 1078 2340; x_wconf 77' lang='lat' dir='ltr'><strong>gressu</strong></span> <span class='ocrx_word' id='word_1_168' title='bbox 1114 2263 1393 2343; x_wconf 79' lang='lat' dir='ltr'><strong>vultuque</strong></span> <span class='ocrx_word' id='word_1_169' title='bbox 1434 2262 1688 2333; x_wconf 77' lang='lat' dir='ltr'><strong>recedit3</strong></span> 
     </span>
     <span class='ocr_line' id='line_1_26' title="bbox 243 2346 1783 2426; baseline 0.003 -17"><span class='ocrx_word' id='word_1_170' title='bbox 243 2348 444 2426; x_wconf 83' lang='lat' dir='ltr'><strong>Saepe</strong></span> <span class='ocrx_word' id='word_1_171' title='bbox 485 2346 658 2407; x_wconf 89' lang='lat' dir='ltr'><strong>etiam</strong></span> <span class='ocrx_word' id='word_1_172' title='bbox 698 2347 920 2409; x_wconf 77' lang='lat' dir='ltr'><strong>iniustis</strong></span> <span class='ocrx_word' id='word_1_173' title='bbox 963 2348 1237 2411; x_wconf 80' lang='lat' dir='ltr'><strong>collatum</strong></span> <span class='ocrx_word' id='word_1_174' title='bbox 1274 2348 1494 2410; x_wconf 83' lang='lat' dir='ltr'><strong>viribus</strong></span> <span class='ocrx_word' id='word_1_175' title='bbox 1528 2347 1783 2424; x_wconf 78' lang='lat' dir='ltr'><strong>hostem,</strong></span> 
     </span>
    </p>

    <p class='ocr_par' dir='ltr' id='par_1_10' title="bbox 243 2429 2234 2597">
     <span class='ocr_line' id='line_1_27' title="bbox 243 2429 2234 2513; baseline 0 -21"><span class='ocrx_word' id='word_1_176' title='bbox 243 2429 304 2492; x_wconf 90' lang='lat' dir='ltr'><strong>Is</strong></span> <span class='ocrx_word' id='word_1_177' title='bbox 348 2431 521 2510; x_wconf 82' lang='lat' dir='ltr'><strong>vigor</strong></span> <span class='ocrx_word' id='word_1_178' title='bbox 564 2431 829 2509; x_wconf 78' lang='lat' dir='ltr'><strong>ingenio,</strong></span> <span class='ocrx_word' id='word_1_179' title='bbox 875 2441 1028 2495; x_wconf 82' lang='lat' dir='ltr'><strong>tanta</strong></span> <span class='ocrx_word' id='word_1_180' title='bbox 1068 2434 1430 2513; x_wconf 72' lang='lat' dir='ltr'><strong>experientia</strong></span> <span class='ocrx_word' id='word_1_181' title='bbox 1471 2431 1716 2494; x_wconf 82' lang='lat' dir='ltr'><strong>dextrae</strong></span> <span class='ocrx_word' id='word_1_182' title='bbox 1758 2439 1873 2507; x_wconf 84' lang='lat' dir='ltr'><strong>est,</strong></span> <span class='ocrx_word' id='word_1_183' title='bbox 2130 2437 2234 2494; x_wconf 81' lang='grc'><strong>775</strong></span> 
     </span>
     <span class='ocr_line' id='line_1_28' title="bbox 245 2514 1923 2597; baseline 0.001 -21"><span class='ocrx_word' id='word_1_184' title='bbox 245 2514 417 2576; x_wconf 87' lang='lat' dir='ltr'><strong>Ultro</strong></span> <span class='ocrx_word' id='word_1_185' title='bbox 460 2515 652 2577; x_wconf 83' lang='lat' dir='ltr'><strong>audax</strong></span> <span class='ocrx_word' id='word_1_186' title='bbox 692 2515 893 2577; x_wconf 80' lang='lat' dir='ltr'><strong>animis</strong></span> <span class='ocrx_word' id='word_1_187' title='bbox 926 2518 1213 2597; x_wconf 72' lang='lat' dir='ltr'><strong>intratque</strong></span> <span class='ocrx_word' id='word_1_188' title='bbox 1258 2526 1320 2579; x_wconf 90' lang='lat' dir='ltr'><strong>et</strong></span> <span class='ocrx_word' id='word_1_189' title='bbox 1357 2516 1660 2584; x_wconf 81' lang='lat' dir='ltr'><strong>obumbrat</strong></span> <span class='ocrx_word' id='word_1_190' title='bbox 1701 2524 1762 2577; x_wconf 89' lang='lat' dir='ltr'><strong>et</strong></span> <span class='ocrx_word' id='word_1_191' title='bbox 1801 2515 1923 2579; x_wconf 82' lang='lat' dir='ltr'><strong>alte</strong></span> 
     </span>
    </p>

    <p class='ocr_par' dir='ltr' id='par_1_11' title="bbox 246 2599 1904 2680">
     <span class='ocr_line' id='line_1_29' title="bbox 246 2599 1904 2680; baseline 0.001 -19"><span class='ocrx_word' id='word_1_192' title='bbox 246 2599 473 2661; x_wconf 81' lang='lat' dir='ltr'><strong>Assilit.</strong></span> <span class='ocrx_word' id='word_1_193' title='bbox 532 2599 610 2661; x_wconf 88' lang='lat' dir='ltr'><strong>Ut</strong></span> <span class='ocrx_word' id='word_1_194' title='bbox 653 2618 945 2680; x_wconf 77' lang='lat' dir='ltr'><strong>praeceps</strong></span> <span class='ocrx_word' id='word_1_195' title='bbox 990 2601 1218 2662; x_wconf 84' lang='lat' dir='ltr'><strong>cumulo</strong></span> <span class='ocrx_word' id='word_1_196' title='bbox 1257 2600 1392 2664; x_wconf 82' lang='lat' dir='ltr'><strong>salit</strong></span> <span class='ocrx_word' id='word_1_197' title='bbox 1430 2601 1586 2666; x_wconf 75' lang='lat' dir='ltr'><strong>unda</strong></span> <span class='ocrx_word' id='word_1_198' title='bbox 1622 2601 1904 2663; x_wconf 73' lang='lat' dir='ltr'><strong>minantes</strong></span> 
     </span>
    </p>

    <p class='ocr_par' dir='ltr' id='par_1_12' title="bbox 244 2681 1815 2765">
     <span class='ocr_line' id='line_1_30' title="bbox 244 2681 1815 2765; baseline 0 -20"><span class='ocrx_word' id='word_1_199' title='bbox 244 2681 313 2745; x_wconf 90' lang='lat' dir='ltr'><strong>In</strong></span> <span class='ocrx_word' id='word_1_200' title='bbox 354 2683 636 2765; x_wconf 86' lang='lat' dir='ltr'><strong>scopulos</strong></span> <span class='ocrx_word' id='word_1_201' title='bbox 677 2692 764 2746; x_wconf 88' lang='lat' dir='ltr'><strong>et</strong></span> <span class='ocrx_word' id='word_1_202' title='bbox 775 2685 960 2748; x_wconf 80' lang='lat' dir='ltr'><strong>fracta</strong></span> <span class='ocrx_word' id='word_1_203' title='bbox 1002 2685 1187 2763; x_wconf 85' lang='lat' dir='ltr'><strong>redit,</strong></span> <span class='ocrx_word' id='word_1_204' title='bbox 1234 2686 1321 2748; x_wconf 87' lang='lat' dir='ltr'><strong>sic</strong></span> <span class='ocrx_word' id='word_1_205' title='bbox 1364 2685 1467 2747; x_wconf 91' lang='lat' dir='ltr'><strong>ille</strong></span> <span class='ocrx_word' id='word_1_206' title='bbox 1510 2684 1815 2748; x_wconf 82' lang='lat' dir='ltr'><strong>furentem</strong></span> 
     </span>
    </p>

    <p class='ocr_par' dir='ltr' id='par_1_13' title="bbox 244 2765 1817 2869">
     <span class='ocr_line' id='line_1_31' title="bbox 244 2765 1817 2869; baseline 0.001 -41"><span class='ocrx_word' id='word_1_207' title='bbox 244 2765 469 2830; x_wconf 89' lang='lat' dir='ltr'><strong>Circuit</strong></span> <span class='ocrx_word' id='word_1_208' title='bbox 511 2785 881 2869; x_wconf 50' lang='lat' dir='ltr'><strong>effpngnnnm</strong></span> <span class='ocrx_word' id='word_1_209' title='bbox 929 2768 1088 2831; x_wconf 76' lang='lat' dir='ltr'><strong>levet</strong></span> <span class='ocrx_word' id='word_1_210' title='bbox 1128 2787 1275 2832; x_wconf 89' lang='lat' dir='ltr'><strong>ecce</strong></span> <span class='ocrx_word' id='word_1_211' title='bbox 1320 2770 1532 2852; x_wconf 79' lang='lat' dir='ltr'><strong>diuque</strong></span> <span class='ocrx_word' id='word_1_212' title='bbox 1574 2772 1817 2834; x_wconf 87' lang='lat' dir='ltr'><strong>minatur</strong></span> 
     </span>
    </p>

    <p class='ocr_par' dir='ltr' id='par_1_14' title="bbox 243 2851 2281 3100">
     <span class='ocr_line' id='line_1_32' title="bbox 243 2851 2281 2940; baseline 0.001 -26"><span class='ocrx_word' id='word_1_213' title='bbox 243 2851 313 2914; x_wconf 93' lang='lat' dir='ltr'><strong>In</strong></span> <span class='ocrx_word' id='word_1_214' title='bbox 351 2853 501 2914; x_wconf 90' lang='lat' dir='ltr'><strong>latus</strong></span> <span class='ocrx_word' id='word_1_215' title='bbox 542 2854 718 2935; x_wconf 79' lang='lat' dir='ltr'><strong>inque</strong></span> <span class='ocrx_word' id='word_1_216' title='bbox 759 2852 999 2923; x_wconf 86' lang='lat' dir='ltr'><strong>oculos;</strong></span> <span class='ocrx_word' id='word_1_217' title='bbox 1043 2854 1204 2917; x_wconf 86' lang='lat' dir='ltr'><strong>illum</strong></span> <span class='ocrx_word' id='word_1_218' title='bbox 1243 2854 1428 2940; x_wconf 73' lang='lat' dir='ltr'><strong>rigida</strong></span> <span class='ocrx_word' id='word_1_219' title='bbox 1465 2873 1623 2919; x_wconf 81' lang='lat' dir='ltr'><strong>arma</strong></span> <span class='ocrx_word' id='word_1_220' title='bbox 1664 2861 1968 2917; x_wconf 78' lang='lat' dir='ltr'><strong>caventem</strong></span> <span class='ocrx_word' id='word_1_221' title='bbox 2134 2859 2239 2916; x_wconf 85' lang='grc'><strong>780</strong></span> <span class='ocrx_word' id='word_1_222' title='bbox 2266 2869 2281 2886; x_wconf 65' lang='grc'><strong><em>’</em></strong></span> 
     </span>
     <span class='ocr_line' id='line_1_33' title="bbox 244 2936 2088 3017; baseline 0.002 -18"><span class='ocrx_word' id='word_1_223' title='bbox 244 2937 510 3015; x_wconf 78' lang='lat' dir='ltr'><strong>Avocat‚</strong></span> <span class='ocrx_word' id='word_1_224' title='bbox 556 2946 618 2999; x_wconf 89' lang='lat' dir='ltr'><strong>et</strong></span> <span class='ocrx_word' id='word_1_225' title='bbox 658 2936 918 3002; x_wconf 76' lang='lat' dir='ltr'><strong>manibus</strong></span> <span class='ocrx_word' id='word_1_226' title='bbox 958 2940 1309 3017; x_wconf 81' lang='lat' dir='ltr'><strong>necopinum</strong></span> <span class='ocrx_word' id='word_1_227' title='bbox 1349 2941 1641 3010; x_wconf 88' lang='lat' dir='ltr'><strong>interserit</strong></span> <span class='ocrx_word' id='word_1_228' title='bbox 1681 2941 1857 3001; x_wconf 86' lang='lat' dir='ltr'><strong>ictum</strong></span> <span class='ocrx_word' id='word_1_229' title='bbox 2076 2955 2088 2969; x_wconf 86' lang='lat'><strong>·</strong></span> 
     </span>
     <span class='ocr_line' id='line_1_34' title="bbox 248 3019 1801 3100; baseline 0.003 -17"><span class='ocrx_word' id='word_1_230' title='bbox 248 3019 511 3084; x_wconf 82' lang='lat' dir='ltr'><strong>Callidus</strong></span> <span class='ocrx_word' id='word_1_231' title='bbox 554 3040 626 3084; x_wconf 81' lang='lat' dir='ltr'><strong>ac</strong></span> <span class='ocrx_word' id='word_1_232' title='bbox 658 3022 906 3086; x_wconf 74' lang='lat' dir='ltr'><strong>mediam</strong></span> <span class='ocrx_word' id='word_1_233' title='bbox 949 3022 1214 3100; x_wconf 75' lang='lat' dir='ltr'><strong>designat</strong></span> <span class='ocrx_word' id='word_1_234' title='bbox 1245 3023 1491 3085; x_wconf 85' lang='lat' dir='ltr'><strong>vnlnere</strong></span> <span class='ocrx_word' id='word_1_235' title='bbox 1531 3023 1801 3088; x_wconf 81' lang='lat' dir='ltr'><strong>frontem.</strong></span> 
     </span>
    </p>

    <p class='ocr_par' dir='ltr' id='par_1_15' title="bbox 248 3105 2239 3436">
     <span class='ocr_line' id='line_1_35' title="bbox 371 3105 2153 3189; baseline 0 -22"><span class='ocrx_word' id='word_1_236' title='bbox 371 3105 492 3167; x_wconf 90' lang='lat' dir='ltr'><strong>Iam</strong></span> <span class='ocrx_word' id='word_1_237' title='bbox 528 3123 734 3184; x_wconf 83' lang='lat' dir='ltr'><strong>cruor,</strong></span> <span class='ocrx_word' id='word_1_238' title='bbox 783 3115 846 3168; x_wconf 92' lang='lat' dir='ltr'><strong>et</strong></span> <span class='ocrx_word' id='word_1_239' title='bbox 884 3107 1084 3186; x_wconf 84' lang='lat' dir='ltr'><strong>tepido</strong></span> <span class='ocrx_word' id='word_1_240' title='bbox 1129 3109 1427 3185; x_wconf 81' lang='lat' dir='ltr'><strong>signantur</strong></span> <span class='ocrx_word' id='word_1_241' title='bbox 1458 3116 1723 3189; x_wconf 85' lang='lat' dir='ltr'><strong>tempora</strong></span> <span class='ocrx_word' id='word_1_242' title='bbox 1760 3109 1911 3171; x_wconf 82' lang='lat' dir='ltr'><strong>rivo.</strong></span> <span class='ocrx_word' id='word_1_243' title='bbox 2150 3139 2153 3142; x_wconf 96' lang='lat'>·</span> 
     </span>
     <span class='ocr_line' id='line_1_36' title="bbox 248 3186 2237 3304; baseline -0.002 -51"><span class='ocrx_word' id='word_1_244' title='bbox 248 3189 455 3253; x_wconf 89' lang='lat' dir='ltr'><strong>Nescit</strong></span> <span class='ocrx_word' id='word_1_245' title='bbox 493 3189 683 3252; x_wconf 88' lang='lat' dir='ltr'><strong>adhuc</strong></span> <span class='ocrx_word' id='word_1_246' title='bbox 725 3186 1034 3271; x_wconf 74' lang='lat' dir='ltr'><strong>Capaneus</strong></span> <span class='ocrx_word' id='word_1_247' title='bbox 1072 3191 1438 3271; x_wconf 83' lang='lat' dir='ltr'><strong>subitumque</strong></span> <span class='ocrx_word' id='word_1_248' title='bbox 1482 3211 1589 3272; x_wconf 83' lang='lat' dir='ltr'><strong>per</strong></span> <span class='ocrx_word' id='word_1_249' title='bbox 1622 3191 1855 3270; x_wconf 71' lang='lat' dir='ltr'><strong>agmina</strong></span> <span class='ocrx_word' id='word_1_250' title='bbox 1887 3206 2136 3304; x_wconf 84' lang='lat' dir='ltr'><strong>murmur</strong></span> <span class='ocrx_word' id='word_1_251' title='bbox 2230 3233 2237 3242; x_wconf 89' lang='lat'>.</span> 
     </span>
     <span class='ocr_line' id='line_1_37' title="bbox 248 3274 2239 3355; baseline 0.001 -18"><span class='ocrx_word' id='word_1_252' title='bbox 248 3274 515 3345; x_wconf 67' lang='lat' dir='ltr'><strong>Miz-etun</strong></span> <span class='ocrx_word' id='word_1_253' title='bbox 561 3293 763 3345; x_wconf 68' lang='lat' dir='ltr'><strong>verum</strong></span> <span class='ocrx_word' id='word_1_254' title='bbox 808 3285 867 3337; x_wconf 86' lang='lat' dir='ltr'><strong>nt</strong></span> <span class='ocrx_word' id='word_1_255' title='bbox 908 3276 1125 3344; x_wconf 78' lang='lat' dir='ltr'><strong>fessam</strong></span> <span class='ocrx_word' id='word_1_256' title='bbox 1164 3294 1344 3355; x_wconf 85' lang='lat' dir='ltr'><strong>super</strong></span> <span class='ocrx_word' id='word_1_257' title='bbox 1390 3292 1494 3338; x_wconf 87' lang='lat' dir='ltr'><strong>ora</strong></span> <span class='ocrx_word' id='word_1_258' title='bbox 1530 3275 1764 3341; x_wconf 83' lang='lat' dir='ltr'><strong>reduxit</strong></span> <span class='ocrx_word' id='word_1_259' title='bbox 2076 3280 2239 3338; x_wconf 79' lang='lat'><strong>‘185</strong></span> 
     </span>
     <span class='ocr_line' id='line_1_38' title="bbox 250 3351 1927 3436; baseline 0 -15"><span class='ocrx_word' id='word_1_260' title='bbox 250 3358 431 3421; x_wconf 85' lang='lat' dir='ltr'><strong>Forte</strong></span> <span class='ocrx_word' id='word_1_261' title='bbox 466 3377 693 3423; x_wconf 87' lang='lat' dir='ltr'><strong>manum</strong></span> <span class='ocrx_word' id='word_1_262' title='bbox 735 3368 795 3421; x_wconf 89' lang='lat' dir='ltr'><strong>et</strong></span> <span class='ocrx_word' id='word_1_263' title='bbox 835 3377 1057 3426; x_wconf 87' lang='lat' dir='ltr'><strong>summo</strong></span> <span class='ocrx_word' id='word_1_264' title='bbox 1098 3360 1355 3423; x_wconf 82' lang='lat' dir='ltr'><strong>maculas</strong></span> <span class='ocrx_word' id='word_1_265' title='bbox 1392 3361 1451 3420; x_wconf 86' lang='lat' dir='ltr'><strong>in</strong></span> <span class='ocrx_word' id='word_1_266' title='bbox 1488 3361 1716 3425; x_wconf 71' lang='lat' dir='ltr'><strong>vellere</strong></span> <span class='ocrx_word' id='word_1_267' title='bbox 1748 3351 1927 3436; x_wconf 62' lang='lat' dir='ltr'><strong>vidiu‘</strong></span> 
     </span>
    </p>

    <p class='ocr_par' dir='ltr' id='par_1_16' title="bbox 251 3443 1831 3526">
     <span class='ocr_line' id='line_1_39' title="bbox 251 3443 1831 3526; baseline -0.001 -20"><span class='ocrx_word' id='word_1_268' title='bbox 251 3443 384 3506; x_wconf 85' lang='lat' dir='ltr'><strong>Non</strong></span> <span class='ocrx_word' id='word_1_269' title='bbox 423 3443 558 3523; x_wconf 88' lang='lat' dir='ltr'><strong>leo,</strong></span> <span class='ocrx_word' id='word_1_270' title='bbox 601 3461 718 3506; x_wconf 85' lang='lat' dir='ltr'><strong>non</strong></span> <span class='ocrx_word' id='word_1_271' title='bbox 758 3445 952 3509; x_wconf 81' lang='lat' dir='ltr'><strong>iaculo</strong></span> <span class='ocrx_word' id='word_1_272' title='bbox 995 3454 1209 3518; x_wconf 81' lang='lat' dir='ltr'><strong>tantum</strong></span> <span class='ocrx_word' id='word_1_273' title='bbox 1253 3445 1545 3526; x_wconf 76' lang='lat' dir='ltr'><strong>indignata</strong></span> <span class='ocrx_word' id='word_1_274' title='bbox 1584 3451 1831 3524; x_wconf 76' lang='lat' dir='ltr'><strong>recepto</strong></span> 
     </span>
    </p>
   </div>
  </div>
 </body>
</html>
