2517 3909
272 154 359 219 32
942 152 1007 207 P.
1043 151 1326 207 PAPINII
1362 151 1602 207 s'rA'rn

194 319 247 359 11
270 298 680 384 Aetolusque
722 297 1113 383 Ithacusque
1161 298 1335 362 deae.
1428 298 1610 363 Tunc
1653 298 1964 383 providus
2011 300 2237 385 heros,

186 409 241 452 25
265 388 552 474 Hospita
593 410 676 452 ne
724 388 942 452 subito
988 389 1310 452 terrerent
1356 388 1615 453 moenia
1660 392 1876 473 coetu,

262 477 720 562 Puppe-iubet
762 498 1094 541 remanere
1142 498 1321 560 suos3
1366 476 1509 559 ipse
1558 476 1759 542 ardua
1803 477 1933 543 fido
2201 496 2312 545 700

267 565 430 632 Cum
476 566 790 631 Diomede
836 566 1017 649 petit.
1108 563 1237 629 Sed
1272 564 1407 629 iam
1451 570 1876 648 praevenerat
1922 568 2089 632 arcis

264 654 565 721 Litoreae
612 658 905 720 servator
947 655 1128 720 Abas
1175 655 1531 739 ignotaque
1574 656 1715 740 regi

267 744 581 809 Ediderat
625 742 766 829 (sed
805 742 1006 808 Graia
1049 744 1298 825 tamen)
1346 743 1685 808 succedere
1730 745 1924 809 terris

178 852 241 894 30
269 831 577 899 Carbasa.
650 833 1045 917 Procedunt‚
1092 831 1337 917 gemini
1382 854 1499 897 ceu
1544 831 1801 897 foedere
1848 835 2068 900 iuncto

265 922 558 987 Hiberna
603 922 723 986 sub
767 925 959 988 nocte
1004 923 1171 1007 lupi:
1215 921 1374 986 licet
1418 924 1486 985 et
1531 943 1652 986 sua
1694 923 1911 1005 pulset
2201 938 2308 989 705

265 1010 717 1096 Natorumque
761 1012 997 1096 fames,
1044 1012 1304 1095 penitus
1342 1010 1716 1095 rabiemque
1762 1011 2105 1096 minasque

267 1099 706 1166 Dissimulant
749 1100 1158 1184 humilesque
1205 1103 1456 1183 meant,
1501 1119 1584 1163 ne
1630 1099 1891 1164 nuntiet
1934 1100 2157 1167 hostes

268 1188 437 1255 Oura
483 1210 715 1254 canum
762 1193 829 1254 et
871 1188 1163 1272 trepidos
1209 1191 1476 1253 moneat
1519 1188 1794 1273 vigilare
1838 1190 2213 1274 magistros.

171 1297 238 1339 „35
443 1275 549 1343 Sic
585 1298 814 1363 segnes
849 1278 1079 1342 heroes
1120 1281 1276 1342 eunt
1311 1298 1741 1362 campumque
1776 1282 2140 1362 patentem,

266 1367 390 1445 Qui
433 1367 682 1431 medius
728 1370 955 1450 portus
1003 1366 1374 1450 celsamque
1414 1366 1753 1430 interiacet
1795 1367 2052 1452 urbem,
2194 1384 2305 1434 710

264 1455 544 1521 Alterno
592 1476 889 1521 sermone
934 1459 1182 1541 terunt3
1229 1455 1412 1539 prior
1458 1457 1733 1539 occupat
1777 1477 1926 1520 acer

264 1544 572 1629 Tydides:
620 1543 786 1621 ‘Qua
829 1566 1001 1610 nunc
1043 1566 1272 1610 verum
1316 1543 1571 1609 ratione
1615 1566 1924 1628 paramus

267 1631 601 1699 Scrutari‘?
646 1637 939 1720 namque,
975 1634 1282 1717 ambiguo
1331 1632 1450 1697 sub
1496 1637 1758 1716 pectore
1804 1634 2057 1717 pridem

171 1741 241 1782 „ao
266 1722 504 1807 Verso,
552 1723 707 1808 quid
750 1723 1046 1787 imbelles
1090 1723 1355 1805 thyrsos
1401 1725 1726 1787 mercatus
1774 1727 1843 1788 et
1887 1745 2041 1788 aera

266 1811 554 1877 Urbibus
602 1813 671 1877 in
715 1812 947 1877 mediis
993 1811 1421 1896 Baccheaque
1466 1816 1656 1896 terga
1699 1811 2056 1896 mitrasque
2194 1827 2303 1878 715

265 1899 411 1966 Huc
454 1901 683 1966 tuleris
729 1902 1039 1986 varioque
1087 1921 1389 1983 aspersas
1431 1900 1738 1964 nebridas
1786 1901 1989 1967 auro‘?

264 1987 472 2055 Hisne
496 2009 762 2074 gravem
781 1990 1047 2059 Priamo
1064 1988 1568 2073 Phrygibusque
1598 1989 1883 2054 armabis
1906 1988 2229 2054 Achillem
2239 1989 2302 2054 ‘P'

443 2078 553 2143 Illi
599 2079 940 2145 subridens
986 2078 1252 2143 Ithacus
1299 2077 1568 2162 paulum
1615 2099 1725 2142 ore
1770 2079 2069 2142 remisso:

173 2186 241 2227 Ν45
268 2165 469 2232 ‘Haec
514 2168 657 2253 tibi,
700 2168 1001 2252 virginea
1040 2167 1230 2231 modo
1271 2167 1329 2231 si
1355 2164 1736 2250 Lycomedis
1765 2167 1834 2231 in
1865 2167 2015 2231 aula
2041 2170 2145 2231 est

264 2255 517 2322 Fraude
562 2258 796 2341 latens,
840 2256 1013 2321 ultro
1061 2255 1430 2320 confessum
1473 2255 1544 2319 in
1587 2255 1837 2339 proelia
1882 2256 2119 2321 ducent
2192 2272 2301 2322 720

266 2344 561 2427 Peliden3
609 2350 681 2411 tu
727 2349 957 2411 cuncta
1000 2344 1167 2409 citus
1215 2344 1294 2408 de
1339 2366 1556 2429 puppe
1601 2349 1928 2410 memento

264 2432 478 2519 Ferre,
524 2435 639 2500 ubi
683 2438 941 2517 tempus
990 2434 1132 2516 erit,
1178 2433 1580 2517 clipeumque
1624 2433 1728 2497 his
1773 2433 2041 2518 iungere
2088 2434 2301 2519 donis,

268 2522 396 2600 Qui
439 2523 710 2608 pulcher
755 2524 961 2608 signis
1009 2544 1297 2607 auroque
1343 2521 1735 2605 asperrimus
1783 2525 1973 2588 astat.
2311 2545 2331 2558 ’·

163 2631 242 2672 „50
267 2610 413 2678 Hoc
461 2616 566 2677 sat
610 2612 760 2677 erit:
808 2617 1022 2677 tecum
1067 2611 1233 2675 lituo
1281 2611 1489 2675 bonus
1537 2610 1710 2674 adsit
1753 2609 2042 2696 Agyrtes

266 2699 728 2785 Occultamque
773 2702 1003 2766 tubam
1046 2700 1288 2765 tacitos
1336 2702 1638 2782 apportet
1682 2699 1754 2766 in
1790 2697 1995 2765 usus?
2191 2716 2297 2766 725

409 2881 513 2932 700
550 2876 709 2931 iuuet
742 2878 837 2947 1⁸1·ss
875 2881 977 2931 706
1013 2874 1236 2945 penitus
1271 2875 1569 2944 labemque
1605 2879 1645 2927 P
1679 2875 1700 2945 Ι]
1736 2880 1839 2930 708
1876 2878 2146 2931 moneant
2183 2876 2297 2949 (3²11

268 2954 372 3004 710
408 2947 624 3003 medios
660 2953 701 2999 P
748 2950 758 3017 Ι
816 2949 1009 3017 portus
1046 2951 1207 3002 Am!
1242 2949 1469 3017 portum
1512 2951 1635 3012 pet
1659 2948 1810 3016 {1711
1839 2945 2029 3001 terunt
2056 2951 2179 3000 PPc
2216 2948 2299 3003 fe·

264 3022 398 3076 runt
423 3024 467 3072 G
514 3021 707 3074 serunt
740 3037 773 3085 p
812 3020 929 3075 edd.
966 3023 1088 3075 vett.
1138 3020 1332 3073 serunt
1365 3018 1448 3072 vel
1482 3016 1671 3072 ferunt
1698 3018 1768 3070 θ’
1797 3021 1845 3087 (s
1872 3019 1955 3073 vel
1980 3018 2011 3072 f
2032 3019 2097 3073 in
2123 3020 2261 3090 ras.)
2279 3019 2300 3092 ΙΙ

267 3096 371 3145 713
408 3090 623 3160 pridem
660 3095 755 3143 PG
819 3089 1047 3159 quidem
1084 3094 1154 3144 Pc
1217 3088 1487 3158 quiddam
1515 3088 1585 3140 (3²
1621 3088 1781 3145 Laid.
1811 3090 1929 3145 edd.
1957 3096 2078 3145 vett.
2120 3107 2298 3161 quon-

265 3162 400 3216 dam
417 3161 732 3217 Gronovius
756 3164 777 3231 ΙΙ
805 3168 908 3218 716
928 3161 1225 3230 variosque
1243 3164 1285 3213 P
1310 3160 1331 3230 ΙΙ
1359 3166 1461 3215 717
1484 3160 1709 3215 Priamo
1728 3161 1971 3231 phrigib.
1992 3167 2033 3213 P
2069 3161 2298 3218 Priamo
2408 3167 2417 3182 ¹

263 3232 610 3304 frigibusque
640 3238 682 3286 G
710 3234 1029 3304 Phrygibus
1048 3231 1384 3301 Priamoque
1411 3237 1481 3287 Po
1492 3230 1625 3284 (321
1656 3233 1667 3301 Ι
1698 3231 1952 3287 armabis
1970 3237 2011 3285 P
2045 3234 2299 3289 armatus

264 3307 336 3355 Po
371 3319 652 3360 armamus
680 3306 815 3358 (3²1
848 3307 869 3375 ΙΙ
898 3311 999 3360 721
1038 3307 1103 3358 tu
1128 3320 1278 3357 nunc
1312 3302 1518 3358 tacitus
1554 3308 1596 3355 1²
1636 3304 1656 3372 ΙΙ
1703 3308 1805 3358 723
1843 3304 2006 3360 hasta
2041 3310 2082 3356 P
2136 3305 2299 3360 ardet

237 3376 425 3430 -ceteri
466 3376 576 3431 hac
611 3379 727 3432 stat
761 3376 1046 3431 Scriverus
1094 3374 1244 3428 astat
1278 3374 1476 3443 scripsi
1511 3374 1630 3429 coll.
1666 3390 1715 3428 v.
1753 3380 1866 3430 198
1924 3376 1945 3445 ΙΙ
2000 3381 2106 3430 724
2141 3376 2300 3432 Haec

265 3448 353 3501 sat
391 3446 499 3502 erit
533 3452 585 3502 Δ.
633 3449 789 3504 Haec
825 3449 916 3503 sat
952 3447 1116 3502 erunt
1150 3463 1183 3511 p
1238 3444 1362 3500 Hoc
1398 3446 1486 3500 sat
1522 3445 1631 3501 erit
1665 3452 1752 3498 tm
1781 3449 1792 3515 Ι
1823 3446 2059 3518 Acyrtes
2095 3453 2138 3501 P
