2517 3909
923 180 1300 235 SILUARUM
1337 180 1399 236 L.
1437 181 1533 251 IV,
1571 188 1620 240 2.
2266 181 2352 247 99

211 326 598 411 Alcinoique
646 325 844 411 dapes
891 348 1196 392 mansuro
1242 327 1528 392 carmine
1574 329 1901 393 monstrat

211 415 517 501 Aequore
562 416 676 501 qui
720 416 924 481 multo
969 415 1268 480 reducem
1314 417 1719 501 consumpsit
1762 415 2048 483 Ulixem:

213 505 341 571 Ast
383 526 527 591 ego,
572 505 677 570 cui
724 525 943 569 sacrae
999 501 1239 570 Caesar
1291 526 1468 570 noua
1517 504 1755 591 gaudia
1802 526 1996 571 cenae
2319 525 2353 574 5

212 592 405 660 Nunc
447 594 732 679 primum
778 593 1167 678 dominaque
1212 593 1393 658 dedit
1437 595 1860 660 concumbere
1904 617 2147 680 mensa,

215 683 359 760 Qua
403 683 721 750 celebrem
766 704 913 747 mea
957 686 1117 747 uota
1159 683 1322 767 lyra,
1369 705 1531 768 quas
1579 683 1828 748 soluere
1875 689 2092 770 grates

214 770 592 838 Sufficiam?
638 793 791 856 non,
837 773 893 837 si
937 772 1182 856 pariter
1226 772 1389 836 mihi
1434 772 1678 837 uertice
1712 771 1887 838 laeto

209 859 453 926 Nectat
497 861 800 927 adoratas
847 863 913 925 et
958 858 1235 945 Smyrna
1280 864 1346 925 et
1388 860 1662 925 Mantua
1704 862 1943 947 lauros,

211 950 435 1035 Digna
477 950 725 1035 loquar.
816 949 1046 1015 mediis
1093 949 1321 1015 uideor
1366 948 1768 1016 discumbere
1813 952 1880 1015 in
1926 952 2117 1017 astris
2284 968 2351 1017 10

210 1037 378 1104 Cum
424 1038 581 1104 Ioue
628 1043 695 1104 et
737 1037 940 1104 Iliaca
982 1041 1355 1122 porrectum
1402 1061 1651 1104 sumere
1697 1039 1931 1105 dextra

208 1128 572 1194 Inmortale
614 1129 888 1193 merum!
937 1128 1188 1193 steriles
1234 1128 1717 1193 transmisimus
1765 1139 2002 1194 annos:

208 1216 389 1283 Haec
439 1217 583 1282 aeui
626 1217 791 1282 mihi
835 1217 1050 1301 prima
1093 1217 1248 1302 dies,
1294 1217 1457 1283 haec
1501 1217 1731 1282 limina
1776 1219 1968 1284 uitae.

209 1306 388 1372 Tene
437 1327 576 1392 ego,
621 1310 931 1392 regnator
975 1309 1297 1373 terrarum
1335 1306 1640 1391 orbisque
1670 1306 1922 1372 subacti

207 1394 451 1480 Magne
495 1417 752 1479 parens,
796 1398 882 1479 te,
927 1416 1075 1480 spes
1120 1395 1477 1480 hominum,
1522 1398 1606 1480 te,
1652 1417 1805 1460 cura
1850 1395 2145 1482 deorum,
2281 1413 2348 1461 15

207 1482 419 1550 Cerno
465 1484 730 1550 iacens?
772 1484 965 1549 datur
1007 1484 1171 1550 haec
1215 1486 1416 1569 iuxta,
1462 1483 1655 1550 datur
1699 1507 1815 1550 ora
1858 1486 2029 1550 tueri

206 1573 385 1639 Uina
432 1574 607 1639 inter
651 1594 1052 1658 mensasque,
1098 1577 1164 1638 et
1207 1596 1344 1640 non
1390 1593 1730 1659 assurgere
1774 1574 1874 1639 fas
1923 1574 2067 1640 est?

206 1663 476 1728 Tectum
524 1667 889 1749 augustum,
932 1664 1183 1748 ingenS‚
1228 1683 1365 1729 non
1409 1666 1668 1728 centum
1712 1664 1968 1749 insigne
2015 1664 2348 1742 columnis,

207 1749 333 1818 Sed
378 1755 661 1837 quantae
709 1773 976 1837 superos
1023 1753 1398 1837 caelumque
1446 1752 1718 1817 Atlante
1763 1753 2035 1818 remisso

208 1839 588 1906 Sustentare
633 1845 890 1925 queant.
935 1891 940 1894 -
981 1845 1201 1926 stupet
1244 1842 1371 1907 hoc
1415 1841 1634 1907 uicina
1677 1841 1993 1907 Tonantis
2277 1857 2346 1907 20

204 1930 435 2016 Regia,
480 1934 671 2015 teque
717 1930 861 2015 pari
906 1930 1235 1996 laetantur
1282 1929 1429 1995 sede
1474 1931 1758 1995 locatum

203 2017 512 2104 Numina,
555 2040 639 2084 ne
684 2040 995 2104 magnum
1040 2041 1348 2104 properes
1394 2019 1739 2085 escendere
1785 2020 2060 2085 caelum:

204 2108 415 2173 Tanta
458 2110 643 2193 patet
687 2109 893 2174 moles
942 2108 1305 2193 effusaeque
1349 2110 1631 2194 impetus
1679 2108 1863 2173 aulae

202 2196 505 2263 Liberior
550 2218 778 2282 campo
823 2197 1227 2282 multumque
1276 2199 1609 2283 amplexus
1657 2198 1867 2283 aperti

201 2286 527 2352 Aetheros
574 2290 639 2351 et
683 2289 941 2351 tantum
986 2286 1249 2352 domino
1296 2288 1539 2370 minor3
1586 2288 1697 2366 ille
1738 2289 2006 2371 penates
2273 2304 2342 2353 25

199 2376 443 2460 Implet
489 2378 557 2439 et
600 2375 852 2460 ingenti
897 2376 1090 2460 genio
1137 2376 1337 2441 iuuat.
1428 2371 1718 2441 aemulus
1736 2391 1744 2396 '
1765 2376 1899 2441 illic

200 2463 393 2530 Mons
440 2463 645 2548 Libys
690 2463 1056 2549 Iliacusque
1101 2465 1287 2549 nitet,
1331 2465 1432 2530 hic
1476 2465 1682 2529 multa
1729 2463 1940 2549 Syene

198 2553 287 2618 Et
333 2550 537 2619 Chios
583 2556 650 2617 et
693 2553 962 2638 glaucae
1007 2555 1325 2622 certantia
1368 2553 1597 2619 Doridi
1644 2577 1801 2619 saxa

199 2641 512 2727 Lunaque
558 2641 895 2726 portandis
941 2645 1201 2708 tantum
1248 2644 1519 2709 suffecta
1564 2643 1916 2718 columnia„

198 2730 431 2817 Longa
477 2753 673 2816 supra
719 2732 992 2816 species:
1038 2731 1231 2797 fessis
1278 2732 1388 2797 uix
1435 2731 1720 2798 culmina
1761 2732 2042 2817 prendas
2273 2750 2341 2799 30

340 3021 376 3068 4
424 3014 604 3069 multo
650 3019 710 3067 c:
757 3013 911 3068 lento
958 3032 992 3067 a
1026 3015 1047 3084 ΙΙ
1084 3019 1115 3069 6
1163 3013 1530 3069 concumbere
1575 3016 1802 3083 scripsi.-
1848 3030 2183 3085 consurgere
2235 3021 2270 3068 0
2307 3034 2341 3069 a
2458 3047 2463 3050 v

197 3103 308 3140 non
344 3102 586 3169 'surgere
631 3086 721 3139 uel
765 3085 1054 3140 considere
1103 3084 1314 3140 Markl.
1352 3087 1373 3155 ΙΙ
1411 3090 1442 3139 9
1479 3085 1741 3141 adoratas
1778 3090 1814 3139 ς
1827 3108 1840 3140 z
1880 3087 2141 3141 odoratas
2180 3092 2215 3138 0
2237 3104 2286 3170 ,α
2321 3087 2340 3158 Η

198 3156 1052 3311 3131333-3313313
1095 3160 1473 3297 ’3333
1521 3157 1958 3299 31313333
1994 3156 2337 3311 3333

197 3304 376 3370 operia
415 3304 461 3351 Δ
498 3300 685 3369 01127
721 3300 866 3353 nitet
905 3342 917 3354 .
958 3341 970 3353 .
1010 3339 1023 3353 .
1062 3300 1245 3354 multa
1281 3298 1358 3351 A*
1394 3305 1429 3351 0
1465 3316 1586 3354 cum
1622 3300 1779 3369 siyno
1816 3301 2077 3367 lacunam
2123 3300 2218 3355 hic
2252 3301 2336 3354 in·

198 3373 360 3426 serui.
398 3372 517 3425 iam
556 3375 592 3425 ς
631 3370 849 3425 addamt
884 3372 942 3425 et
975 3371 1135 3427 Dom.
1183 3371 1205 3440 ΙΙ
1249 3376 1319 3426 28
1357 3370 1512 3426 chios
1553 3375 1588 3425 ς
1627 3389 1684 3425 a:
1736 3370 1875 3426 duos
1913 3377 1949 3423 0
1999 3375 2008 3439 Ι
2056 3371 2255 3443 glauce
2291 3375 2338 3421 Δ

198 3443 397 3512 glauce
436 3448 496 3496 c:
534 3441 740 3530 glauca
774 3441 932 3498 Dom.
968 3445 976 3510 Ι
1009 3441 1206 3497 Doridi
1245 3442 1592 3498 Politianus:
1637 3441 1845 3496 Doride
1881 3445 1927 3495 Δ
1964 3449 2000 3495 0

1837 3529 1911 3582 7*
