<?xml version="1.0" encoding="UTF-8"?>
<!DOCTYPE html PUBLIC "-//W3C//DTD XHTML 1.0 Transitional//EN"
    "http://www.w3.org/TR/xhtml1/DTD/xhtml1-transitional.dtd">
<html xmlns="http://www.w3.org/1999/xhtml" xml:lang="en" lang="en">
 <head>
  <title>
</title>
<meta http-equiv="Content-Type" content="text/html;charset=utf-8" />
  <meta name='ocr-system' content='tesseract 3.04.00' />
  <meta name='ocr-capabilities' content='ocr_page ocr_carea ocr_par ocr_line ocrx_word'/>
</head>
<body>
  <div class='ocr_page' id='page_1' title='image "./ppapiniusstatiu00placgoog_0242.png"; bbox 0 0 2517 3909; ppageno 0'>
   <div class='ocr_carea' id='block_1_1' title="bbox 177 151 1548 220">
    <p class='ocr_par' dir='ltr' id='par_1_1' title="bbox 177 151 1548 220">
     <span class='ocr_line' id='line_1_1' title="bbox 177 151 1548 220; baseline -0.001 -10"><span class='ocrx_word' id='word_1_1' title='bbox 177 156 262 220; x_wconf 85' lang='lat'><strong>38</strong></span> <span class='ocrx_word' id='word_1_2' title='bbox 891 155 953 209; x_wconf 92' lang='lat' dir='ltr'><strong>P.</strong></span> <span class='ocrx_word' id='word_1_3' title='bbox 990 153 1270 209; x_wconf 86' lang='lat' dir='ltr'>PAPINII</span> <span class='ocrx_word' id='word_1_4' title='bbox 1306 151 1548 209; x_wconf 83' lang='lat' dir='ltr'><strong>STATII</strong></span> 
     </span>
    </p>
   </div>
   <div class='ocr_carea' id='block_1_2' title="bbox 68 298 2214 2612">
    <p class='ocr_par' dir='ltr' id='par_1_2' title="bbox 101 298 1761 386">
     <span class='ocr_line' id='line_1_2' title="bbox 101 298 1761 386; baseline -0.001 -20"><span class='ocrx_word' id='word_1_5' title='bbox 101 310 157 350; x_wconf 80' lang='grc' dir='ltr'><strong>ΙΙ</strong></span> <span class='ocrx_word' id='word_1_6' title='bbox 179 299 517 367; x_wconf 79' lang='lat' dir='ltr'><strong>Caelatum</strong></span> <span class='ocrx_word' id='word_1_7' title='bbox 563 320 816 386; x_wconf 83' lang='lat' dir='ltr'><strong>pugnas</strong></span> <span class='ocrx_word' id='word_1_8' title='bbox 863 298 1106 385; x_wconf 83' lang='lat' dir='ltr'><strong>(saevis</strong></span> <span class='ocrx_word' id='word_1_9' title='bbox 1156 303 1222 365; x_wconf 91' lang='lat' dir='ltr'><strong>et</strong></span> <span class='ocrx_word' id='word_1_10' title='bbox 1267 299 1438 366; x_wconf 86' lang='lat' dir='ltr'><strong>forte</strong></span> <span class='ocrx_word' id='word_1_11' title='bbox 1483 298 1761 365; x_wconf 85' lang='lat' dir='ltr'><strong>rubebat</strong></span> 
     </span>
    </p>

    <p class='ocr_par' dir='ltr' id='par_1_3' title="bbox 70 384 2214 830">
     <span class='ocr_line' id='line_1_3' title="bbox 70 384 1888 475; baseline -0.002 -19"><span class='ocrx_word' id='word_1_12' title='bbox 70 401 151 442; x_wconf 80' lang='lat'><strong>180</strong></span> <span class='ocrx_word' id='word_1_13' title='bbox 174 390 509 456; x_wconf 88' lang='lat' dir='ltr'><strong>Bellorum</strong></span> <span class='ocrx_word' id='word_1_14' title='bbox 555 384 855 475; x_wconf 90' lang='lat' dir='ltr'><strong>maculis)</strong></span> <span class='ocrx_word' id='word_1_15' title='bbox 912 389 1221 455; x_wconf 88' lang='lat' dir='ltr'><strong>acclinem</strong></span> <span class='ocrx_word' id='word_1_16' title='bbox 1267 388 1585 472; x_wconf 88' lang='lat' dir='ltr'><strong>conspicit</strong></span> <span class='ocrx_word' id='word_1_17' title='bbox 1629 388 1888 454; x_wconf 89' lang='lat' dir='ltr'><strong>hastae.</strong></span> 
     </span>
     <span class='ocr_line' id='line_1_4' title="bbox 177 477 2214 564; baseline -0 -21"><span class='ocrx_word' id='word_1_18' title='bbox 177 478 521 544; x_wconf 85' lang='lat' dir='ltr'><strong>Infremuit</strong></span> <span class='ocrx_word' id='word_1_19' title='bbox 567 478 890 563; x_wconf 71' lang='lat' dir='ltr'><strong>torsitque</strong></span> <span class='ocrx_word' id='word_1_20' title='bbox 940 499 1169 564; x_wconf 85' lang='lat' dir='ltr'><strong>genas,</strong></span> <span class='ocrx_word' id='word_1_21' title='bbox 1216 481 1283 544; x_wconf 90' lang='lat' dir='ltr'><strong>et</strong></span> <span class='ocrx_word' id='word_1_22' title='bbox 1327 477 1543 543; x_wconf 89' lang='lat' dir='ltr'><strong>fronte</strong></span> <span class='ocrx_word' id='word_1_23' title='bbox 1588 478 1819 543; x_wconf 89' lang='lat' dir='ltr'><strong>relicta</strong></span> <span class='ocrx_word' id='word_1_24' title='bbox 2107 490 2214 542; x_wconf 90' lang='grc'><strong>855</strong></span> 
     </span>
     <span class='ocr_line' id='line_1_5' title="bbox 177 566 1917 652; baseline -0.001 -19"><span class='ocrx_word' id='word_1_25' title='bbox 177 566 525 633; x_wconf 75' lang='lat' dir='ltr'><strong>Suri-exere</strong></span> <span class='ocrx_word' id='word_1_26' title='bbox 571 589 824 652; x_wconf 77' lang='lat' dir='ltr'><strong>comae3</strong></span> <span class='ocrx_word' id='word_1_27' title='bbox 868 589 1193 651; x_wconf 80' lang='lat' dir='ltr'><strong>nusquam</strong></span> <span class='ocrx_word' id='word_1_28' title='bbox 1238 566 1554 633; x_wconf 89' lang='lat' dir='ltr'><strong>mandata</strong></span> <span class='ocrx_word' id='word_1_29' title='bbox 1595 566 1917 651; x_wconf 89' lang='lat' dir='ltr'><strong>parentis,</strong></span> 
     </span>
     <span class='ocr_line' id='line_1_6' title="bbox 174 654 2213 742; baseline -0 -20"><span class='ocrx_word' id='word_1_30' title='bbox 174 654 515 742; x_wconf 81' lang='lat' dir='ltr'><strong>Nusquam</strong></span> <span class='ocrx_word' id='word_1_31' title='bbox 562 658 851 722; x_wconf 86' lang='lat' dir='ltr'><strong>occultus</strong></span> <span class='ocrx_word' id='word_1_32' title='bbox 900 677 1101 740; x_wconf 85' lang='lat' dir='ltr'><strong>amor,</strong></span> <span class='ocrx_word' id='word_1_33' title='bbox 1145 659 1418 742; x_wconf 89' lang='lat' dir='ltr'><strong>totoque</strong></span> <span class='ocrx_word' id='word_1_34' title='bbox 1455 656 1525 721; x_wconf 92' lang='lat' dir='ltr'><strong>in</strong></span> <span class='ocrx_word' id='word_1_35' title='bbox 1560 660 1822 739; x_wconf 88' lang='lat' dir='ltr'><strong>pectore</strong></span> <span class='ocrx_word' id='word_1_36' title='bbox 1859 654 2058 721; x_wconf 86' lang='lat' dir='ltr'><strong>Troia</strong></span> <span class='ocrx_word' id='word_1_37' title='bbox 2095 658 2213 721; x_wconf 87' lang='lat' dir='ltr'><strong>est.</strong></span> 
     </span>
     <span class='ocr_line' id='line_1_7' title="bbox 174 744 1888 830; baseline -0.001 -19"><span class='ocrx_word' id='word_1_38' title='bbox 174 744 288 813; x_wconf 74' lang='lat' dir='ltr'><strong>Ut.</strong></span> <span class='ocrx_word' id='word_1_39' title='bbox 314 746 444 830; x_wconf 85' lang='lat' dir='ltr'><strong>leo,</strong></span> <span class='ocrx_word' id='word_1_40' title='bbox 489 749 786 812; x_wconf 88' lang='lat' dir='ltr'><strong>materno</strong></span> <span class='ocrx_word' id='word_1_41' title='bbox 833 767 980 810; x_wconf 86' lang='lat' dir='ltr'><strong>cum</strong></span> <span class='ocrx_word' id='word_1_42' title='bbox 1025 749 1254 830; x_wconf 90' lang='lat' dir='ltr'><strong>raptus</strong></span> <span class='ocrx_word' id='word_1_43' title='bbox 1303 745 1385 810; x_wconf 88' lang='lat' dir='ltr'><strong>ab</strong></span> <span class='ocrx_word' id='word_1_44' title='bbox 1433 746 1629 811; x_wconf 91' lang='lat' dir='ltr'><strong>ubere</strong></span> <span class='ocrx_word' id='word_1_45' title='bbox 1674 766 1888 810; x_wconf 90' lang='lat' dir='ltr'><strong>mores</strong></span> 
     </span>
    </p>

    <p class='ocr_par' dir='ltr' id='par_1_4' title="bbox 73 833 2213 1096">
     <span class='ocr_line' id='line_1_8' title="bbox 73 833 1779 921; baseline -0.001 -21"><span class='ocrx_word' id='word_1_46' title='bbox 73 845 150 886; x_wconf 80' lang='lat'><strong>18⁵</strong></span> <span class='ocrx_word' id='word_1_47' title='bbox 176 833 449 918; x_wconf 86' lang='lat' dir='ltr'><strong>Accepit</strong></span> <span class='ocrx_word' id='word_1_48' title='bbox 491 835 788 921; x_wconf 88' lang='lat' dir='ltr'><strong>pectique</strong></span> <span class='ocrx_word' id='word_1_49' title='bbox 835 835 1023 900; x_wconf 89' lang='lat' dir='ltr'><strong>iubas</strong></span> <span class='ocrx_word' id='word_1_50' title='bbox 1070 834 1525 919; x_wconf 83' lang='lat' dir='ltr'><strong>hominemque</strong></span> <span class='ocrx_word' id='word_1_51' title='bbox 1571 833 1779 899; x_wconf 84' lang='lat' dir='ltr'><strong>vereri</strong></span> 
     </span>
     <span class='ocr_line' id='line_1_9' title="bbox 177 923 2213 1010; baseline 0 -22"><span class='ocrx_word' id='word_1_52' title='bbox 177 923 468 989; x_wconf 88' lang='lat' dir='ltr'><strong>Edidicit</strong></span> <span class='ocrx_word' id='word_1_53' title='bbox 509 924 853 1010; x_wconf 88' lang='lat' dir='ltr'><strong>nullasque</strong></span> <span class='ocrx_word' id='word_1_54' title='bbox 897 924 1044 1008; x_wconf 92' lang='lat' dir='ltr'><strong>rapi</strong></span> <span class='ocrx_word' id='word_1_55' title='bbox 1088 923 1218 989; x_wconf 91' lang='lat' dir='ltr'><strong>nisi</strong></span> <span class='ocrx_word' id='word_1_56' title='bbox 1264 924 1476 989; x_wconf 90' lang='lat' dir='ltr'><strong>iussus</strong></span> <span class='ocrx_word' id='word_1_57' title='bbox 1523 923 1591 990; x_wconf 88' lang='lat' dir='ltr'><strong>in</strong></span> <span class='ocrx_word' id='word_1_58' title='bbox 1636 923 1797 1008; x_wconf 88' lang='lat' dir='ltr'><strong>iras,</strong></span> <span class='ocrx_word' id='word_1_59' title='bbox 2105 939 2213 988; x_wconf 84' lang='grc'><strong>860</strong></span> 
     </span>
     <span class='ocr_line' id='line_1_10' title="bbox 179 1011 1746 1096; baseline 0 -19"><span class='ocrx_word' id='word_1_60' title='bbox 179 1011 248 1077; x_wconf 85' lang='lat' dir='ltr'><strong>Si</strong></span> <span class='ocrx_word' id='word_1_61' title='bbox 296 1014 494 1079; x_wconf 90' lang='lat' dir='ltr'><strong>semel</strong></span> <span class='ocrx_word' id='word_1_62' title='bbox 541 1014 812 1079; x_wconf 86' lang='lat' dir='ltr'><strong>adverso</strong></span> <span class='ocrx_word' id='word_1_63' title='bbox 859 1012 1142 1078; x_wconf 86' lang='lat' dir='ltr'><strong>radiavit</strong></span> <span class='ocrx_word' id='word_1_64' title='bbox 1186 1012 1430 1080; x_wconf 88' lang='lat' dir='ltr'><strong>lumine</strong></span> <span class='ocrx_word' id='word_1_65' title='bbox 1475 1011 1746 1096; x_wconf 86' lang='lat' dir='ltr'><strong>ferrum,</strong></span> 
     </span>
    </p>

    <p class='ocr_par' dir='ltr' id='par_1_5' title="bbox 173 1099 1987 1275">
     <span class='ocr_line' id='line_1_11' title="bbox 177 1099 1845 1186; baseline 0 -20"><span class='ocrx_word' id='word_1_66' title='bbox 177 1101 457 1167; x_wconf 83' lang='lat' dir='ltr'><strong>Eiurata</strong></span> <span class='ocrx_word' id='word_1_67' title='bbox 500 1103 661 1167; x_wconf 87' lang='lat' dir='ltr'><strong>fides</strong></span> <span class='ocrx_word' id='word_1_68' title='bbox 709 1103 1118 1186; x_wconf 72' lang='lat' dir='ltr'><strong>domitorque</strong></span> <span class='ocrx_word' id='word_1_69' title='bbox 1164 1099 1493 1167; x_wconf 87' lang='lat' dir='ltr'><strong>inimicus:</strong></span> <span class='ocrx_word' id='word_1_70' title='bbox 1539 1101 1611 1165; x_wconf 91' lang='lat' dir='ltr'><strong>in</strong></span> <span class='ocrx_word' id='word_1_71' title='bbox 1656 1102 1845 1166; x_wconf 91' lang='lat' dir='ltr'><strong>illum</strong></span> 
     </span>
     <span class='ocr_line' id='line_1_12' title="bbox 173 1190 1987 1275; baseline -0.002 -19"><span class='ocrx_word' id='word_1_72' title='bbox 173 1190 397 1256; x_wconf 90' lang='lat' dir='ltr'><strong>Prima</strong></span> <span class='ocrx_word' id='word_1_73' title='bbox 439 1191 676 1275; x_wconf 80' lang='lat' dir='ltr'><strong>fameS‚</strong></span> <span class='ocrx_word' id='word_1_74' title='bbox 719 1191 1078 1275; x_wconf 90' lang='lat' dir='ltr'><strong>timidoque</strong></span> <span class='ocrx_word' id='word_1_75' title='bbox 1124 1190 1310 1255; x_wconf 83' lang='lat' dir='ltr'><strong>iuvat</strong></span> <span class='ocrx_word' id='word_1_76' title='bbox 1357 1190 1605 1256; x_wconf 85' lang='lat' dir='ltr'><strong>saevire</strong></span> <span class='ocrx_word' id='word_1_77' title='bbox 1652 1190 1987 1275; x_wconf 85' lang='lat' dir='ltr'><strong>magistro.</strong></span> 
     </span>
    </p>

    <p class='ocr_par' dir='ltr' id='par_1_6' title="bbox 72 1278 2211 1721">
     <span class='ocr_line' id='line_1_13' title="bbox 72 1278 1984 1364; baseline -0.001 -20"><span class='ocrx_word' id='word_1_78' title='bbox 72 1293 151 1336; x_wconf 80' lang='lat'><strong>190</strong></span> <span class='ocrx_word' id='word_1_79' title='bbox 177 1278 271 1344; x_wconf 92' lang='lat' dir='ltr'><strong>Ut</strong></span> <span class='ocrx_word' id='word_1_80' title='bbox 315 1302 466 1345; x_wconf 83' lang='lat' dir='ltr'><strong>vero</strong></span> <span class='ocrx_word' id='word_1_81' title='bbox 516 1280 787 1346; x_wconf 88' lang='lat' dir='ltr'><strong>accessit</strong></span> <span class='ocrx_word' id='word_1_82' title='bbox 830 1279 1099 1364; x_wconf 89' lang='lat' dir='ltr'><strong>propius</strong></span> <span class='ocrx_word' id='word_1_83' title='bbox 1146 1280 1381 1363; x_wconf 88' lang='lat' dir='ltr'><strong>luxque</strong></span> <span class='ocrx_word' id='word_1_84' title='bbox 1429 1279 1685 1344; x_wconf 91' lang='lat' dir='ltr'><strong>aemula</strong></span> <span class='ocrx_word' id='word_1_85' title='bbox 1730 1279 1984 1344; x_wconf 86' lang='lat' dir='ltr'><strong>vultum</strong></span> 
     </span>
     <span class='ocr_line' id='line_1_14' title="bbox 175 1367 2211 1450; baseline -0.001 -17"><span class='ocrx_word' id='word_1_86' title='bbox 175 1367 485 1434; x_wconf 88' lang='lat' dir='ltr'><strong>Reddidit</strong></span> <span class='ocrx_word' id='word_1_87' title='bbox 530 1372 596 1434; x_wconf 89' lang='lat' dir='ltr'><strong>et</strong></span> <span class='ocrx_word' id='word_1_88' title='bbox 643 1368 844 1434; x_wconf 90' lang='lat' dir='ltr'><strong>simili</strong></span> <span class='ocrx_word' id='word_1_89' title='bbox 888 1368 1093 1434; x_wconf 88' lang='lat' dir='ltr'><strong>talem</strong></span> <span class='ocrx_word' id='word_1_90' title='bbox 1139 1390 1207 1432; x_wconf 92' lang='lat' dir='ltr'><strong>se</strong></span> <span class='ocrx_word' id='word_1_91' title='bbox 1252 1368 1419 1433; x_wconf 83' lang='lat' dir='ltr'><strong>vidit</strong></span> <span class='ocrx_word' id='word_1_92' title='bbox 1463 1368 1531 1432; x_wconf 88' lang='lat' dir='ltr'><strong>in</strong></span> <span class='ocrx_word' id='word_1_93' title='bbox 1581 1390 1766 1450; x_wconf 79' lang='lat' dir='ltr'><strong>auru,</strong></span> <span class='ocrx_word' id='word_1_94' title='bbox 2105 1382 2211 1434; x_wconf 84' lang='grc'>865</span> 
     </span>
     <span class='ocr_line' id='line_1_15' title="bbox 175 1455 1876 1543; baseline 0.001 -21"><span class='ocrx_word' id='word_1_95' title='bbox 175 1456 452 1523; x_wconf 88' lang='lat' dir='ltr'><strong>Horruit</strong></span> <span class='ocrx_word' id='word_1_96' title='bbox 498 1457 882 1543; x_wconf 73' lang='lat' dir='ltr'><strong>erubuitque</strong></span> <span class='ocrx_word' id='word_1_97' title='bbox 930 1457 1143 1523; x_wconf 91' lang='lat' dir='ltr'><strong>simul.</strong></span> <span class='ocrx_word' id='word_1_98' title='bbox 1233 1455 1417 1523; x_wconf 89' lang='lat' dir='ltr'><strong>Tunc</strong></span> <span class='ocrx_word' id='word_1_99' title='bbox 1463 1478 1610 1522; x_wconf 90' lang='lat' dir='ltr'><strong>acer</strong></span> <span class='ocrx_word' id='word_1_100' title='bbox 1655 1456 1876 1523; x_wconf 84' lang='lat' dir='ltr'><strong>Ulixes</strong></span> 
     </span>
     <span class='ocr_line' id='line_1_16' title="bbox 174 1545 1890 1623; baseline 0 -13"><span class='ocrx_word' id='word_1_101' title='bbox 174 1545 494 1613; x_wconf 75' lang='lat' dir='ltr'><strong>Admotus</strong></span> <span class='ocrx_word' id='word_1_102' title='bbox 541 1546 732 1612; x_wconf 89' lang='lat' dir='ltr'><strong>lateri</strong></span> <span class='ocrx_word' id='word_1_103' title='bbox 779 1546 1102 1612; x_wconf 87' lang='lat' dir='ltr'><strong>submissa</strong></span> <span class='ocrx_word' id='word_1_104' title='bbox 1147 1567 1330 1611; x_wconf 84' lang='lat' dir='ltr'><strong>voce:</strong></span> <span class='ocrx_word' id='word_1_105' title='bbox 1380 1545 1572 1623; x_wconf 77' lang='lat' dir='ltr'><strong>‘Quid</strong></span> <span class='ocrx_word' id='word_1_106' title='bbox 1617 1546 1890 1612; x_wconf 78' lang='lat' dir='ltr'><strong>haeres?</strong></span> 
     </span>
     <span class='ocr_line' id='line_1_17' title="bbox 180 1633 1830 1721; baseline 0.001 -22"><span class='ocrx_word' id='word_1_107' title='bbox 180 1633 456 1701; x_wconf 85' lang='lat' dir='ltr'><strong>Scimus&#39;</strong></span> <span class='ocrx_word' id='word_1_108' title='bbox 504 1636 625 1720; x_wconf 87' lang='lat' dir='ltr'><strong>ait,</strong></span> <span class='ocrx_word' id='word_1_109' title='bbox 672 1635 769 1701; x_wconf 73' lang='lat' dir='ltr'><strong>‘tu</strong></span> <span class='ocrx_word' id='word_1_110' title='bbox 814 1635 1101 1701; x_wconf 84' lang='lat' dir='ltr'><strong>semiferi</strong></span> <span class='ocrx_word' id='word_1_111' title='bbox 1148 1633 1452 1701; x_wconf 81' lang='lat' dir='ltr'><strong>Chironis</strong></span> <span class='ocrx_word' id='word_1_112' title='bbox 1500 1635 1830 1721; x_wconf 90' lang='lat' dir='ltr'><strong>alumnus,</strong></span> 
     </span>
    </p>

    <p class='ocr_par' dir='ltr' id='par_1_7' title="bbox 74 1722 1856 1811">
     <span class='ocr_line' id='line_1_18' title="bbox 74 1722 1856 1811; baseline 0.002 -23"><span class='ocrx_word' id='word_1_113' title='bbox 74 1740 159 1801; x_wconf 68' lang='lat'><strong>19⁵</strong></span> <span class='ocrx_word' id='word_1_114' title='bbox 177 1723 276 1788; x_wconf 87' lang='lat' dir='ltr'><strong>Tu</strong></span> <span class='ocrx_word' id='word_1_115' title='bbox 321 1725 486 1790; x_wconf 90' lang='lat' dir='ltr'><strong>caeli</strong></span> <span class='ocrx_word' id='word_1_116' title='bbox 531 1725 875 1810; x_wconf 85' lang='lat' dir='ltr'><strong>pelagique</strong></span> <span class='ocrx_word' id='word_1_117' title='bbox 921 1746 1153 1808; x_wconf 87' lang='lat' dir='ltr'><strong>nepos:</strong></span> <span class='ocrx_word' id='word_1_118' title='bbox 1198 1728 1266 1789; x_wconf 88' lang='lat' dir='ltr'><strong>te</strong></span> <span class='ocrx_word' id='word_1_119' title='bbox 1311 1722 1553 1790; x_wconf 89' lang='lat' dir='ltr'><strong>Dorica</strong></span> <span class='ocrx_word' id='word_1_120' title='bbox 1598 1725 1856 1811; x_wconf 88' lang='lat' dir='ltr'><strong>classis,</strong></span> 
     </span>
    </p>

    <p class='ocr_par' dir='ltr' id='par_1_8' title="bbox 175 1812 2213 2078">
     <span class='ocr_line' id='line_1_19' title="bbox 177 1812 2213 1900; baseline 0.002 -22"><span class='ocrx_word' id='word_1_121' title='bbox 177 1812 271 1879; x_wconf 85' lang='lat' dir='ltr'><strong>Te</strong></span> <span class='ocrx_word' id='word_1_122' title='bbox 316 1817 432 1878; x_wconf 89' lang='lat' dir='ltr'><strong>tua</strong></span> <span class='ocrx_word' id='word_1_123' title='bbox 478 1814 812 1898; x_wconf 89' lang='lat' dir='ltr'><strong>suspensis</strong></span> <span class='ocrx_word' id='word_1_124' title='bbox 860 1816 1196 1897; x_wconf 82' lang='lat' dir='ltr'><strong>exspectat</strong></span> <span class='ocrx_word' id='word_1_125' title='bbox 1243 1812 1516 1879; x_wconf 81' lang='lat' dir='ltr'><strong>Graecia</strong></span> <span class='ocrx_word' id='word_1_126' title='bbox 1560 1814 1796 1900; x_wconf 84' lang='lat' dir='ltr'><strong>signis,</strong></span> <span class='ocrx_word' id='word_1_127' title='bbox 2106 1832 2213 1882; x_wconf 83' lang='lat'><strong>870</strong></span> 
     </span>
     <span class='ocr_line' id='line_1_20' title="bbox 176 1901 1984 1988; baseline 0.001 -21"><span class='ocrx_word' id='word_1_128' title='bbox 176 1901 457 1988; x_wconf 89' lang='lat' dir='ltr'><strong>Ipsaque</strong></span> <span class='ocrx_word' id='word_1_129' title='bbox 503 1903 635 1968; x_wconf 91' lang='lat' dir='ltr'><strong>iam</strong></span> <span class='ocrx_word' id='word_1_130' title='bbox 683 1902 895 1969; x_wconf 91' lang='lat' dir='ltr'><strong>dubiis</strong></span> <span class='ocrx_word' id='word_1_131' title='bbox 941 1906 1181 1968; x_wconf 89' lang='lat' dir='ltr'><strong>nutant</strong></span> <span class='ocrx_word' id='word_1_132' title='bbox 1226 1903 1351 1968; x_wconf 89' lang='lat' dir='ltr'><strong>tibi</strong></span> <span class='ocrx_word' id='word_1_133' title='bbox 1396 1902 1719 1988; x_wconf 86' lang='lat' dir='ltr'><strong>Pergama</strong></span> <span class='ocrx_word' id='word_1_134' title='bbox 1764 1904 1984 1970; x_wconf 89' lang='lat' dir='ltr'><strong>muris.</strong></span> 
     </span>
     <span class='ocr_line' id='line_1_21' title="bbox 175 1991 1987 2078; baseline 0.002 -23"><span class='ocrx_word' id='word_1_135' title='bbox 175 1991 373 2077; x_wconf 87' lang='lat' dir='ltr'><strong>Heia,</strong></span> <span class='ocrx_word' id='word_1_136' title='bbox 420 1993 731 2078; x_wconf 87' lang='lat' dir='ltr'><strong>abrumpe</strong></span> <span class='ocrx_word' id='word_1_137' title='bbox 777 2014 1026 2057; x_wconf 84' lang='lat' dir='ltr'><strong>moras:</strong></span> <span class='ocrx_word' id='word_1_138' title='bbox 1076 1992 1216 2057; x_wconf 88' lang='lat' dir='ltr'><strong>sine</strong></span> <span class='ocrx_word' id='word_1_139' title='bbox 1261 1991 1511 2078; x_wconf 86' lang='lat' dir='ltr'><strong>perfida</strong></span> <span class='ocrx_word' id='word_1_140' title='bbox 1556 1993 1804 2076; x_wconf 88' lang='lat' dir='ltr'><strong>palleat</strong></span> <span class='ocrx_word' id='word_1_141' title='bbox 1848 1993 1987 2078; x_wconf 85' lang='lat' dir='ltr'><strong>Ide,</strong></span> 
     </span>
    </p>

    <p class='ocr_par' dir='ltr' id='par_1_9' title="bbox 175 2079 2048 2167">
     <span class='ocr_line' id='line_1_22' title="bbox 175 2079 2048 2167; baseline 0.002 -23"><span class='ocrx_word' id='word_1_142' title='bbox 175 2079 269 2145; x_wconf 83' lang='lat' dir='ltr'><strong>Et</strong></span> <span class='ocrx_word' id='word_1_143' title='bbox 313 2082 493 2147; x_wconf 85' lang='lat' dir='ltr'><strong>iuvet</strong></span> <span class='ocrx_word' id='word_1_144' title='bbox 536 2081 700 2148; x_wconf 88' lang='lat' dir='ltr'><strong>haec</strong></span> <span class='ocrx_word' id='word_1_145' title='bbox 746 2080 965 2147; x_wconf 90' lang='lat' dir='ltr'><strong>audire</strong></span> <span class='ocrx_word' id='word_1_146' title='bbox 1010 2085 1293 2166; x_wconf 87' lang='lat' dir='ltr'><strong>patrem,</strong></span> <span class='ocrx_word' id='word_1_147' title='bbox 1338 2080 1706 2167; x_wconf 88' lang='lat' dir='ltr'><strong>pudeatque</strong></span> <span class='ocrx_word' id='word_1_148' title='bbox 1753 2082 2048 2148; x_wconf 84' lang='lat' dir='ltr'><strong>dolosam</strong></span> 
     </span>
    </p>

    <p class='ocr_par' dir='ltr' id='par_1_10' title="bbox 68 2167 2209 2612">
     <span class='ocr_line' id='line_1_23' title="bbox 68 2167 2031 2254; baseline 0.001 -20"><span class='ocrx_word' id='word_1_149' title='bbox 68 2184 153 2226; x_wconf 82' lang='lat'><strong>200</strong></span> <span class='ocrx_word' id='word_1_150' title='bbox 181 2167 287 2234; x_wconf 84' lang='lat' dir='ltr'><strong>Sic</strong></span> <span class='ocrx_word' id='word_1_151' title='bbox 333 2191 452 2254; x_wconf 92' lang='lat' dir='ltr'><strong>pro</strong></span> <span class='ocrx_word' id='word_1_152' title='bbox 498 2173 566 2235; x_wconf 90' lang='lat' dir='ltr'><strong>te</strong></span> <span class='ocrx_word' id='word_1_153' title='bbox 611 2171 909 2236; x_wconf 89' lang='lat' dir='ltr'><strong>timuisse</strong></span> <span class='ocrx_word' id='word_1_154' title='bbox 956 2168 1237 2235; x_wconf 69' lang='lat' dir='ltr'><strong>Thetin?</strong></span> <span class='ocrx_word' id='word_1_155' title='bbox 1327 2168 1470 2235; x_wconf 90' lang='lat' dir='ltr'><strong>Iam</strong></span> <span class='ocrx_word' id='word_1_156' title='bbox 1516 2174 1739 2254; x_wconf 88' lang='lat' dir='ltr'><strong>pectus</strong></span> <span class='ocrx_word' id='word_1_157' title='bbox 1788 2172 2031 2237; x_wconf 89' lang='lat' dir='ltr'><strong>amictu</strong></span> 
     </span>
     <span class='ocr_line' id='line_1_24' title="bbox 176 2258 2209 2345; baseline 0.002 -22"><span class='ocrx_word' id='word_1_158' title='bbox 176 2258 503 2344; x_wconf 87' lang='lat' dir='ltr'><strong>Laxabat‚</strong></span> <span class='ocrx_word' id='word_1_159' title='bbox 550 2281 696 2325; x_wconf 91' lang='lat' dir='ltr'><strong>cum</strong></span> <span class='ocrx_word' id='word_1_160' title='bbox 742 2260 985 2345; x_wconf 85' lang='lat' dir='ltr'><strong>grande</strong></span> <span class='ocrx_word' id='word_1_161' title='bbox 1029 2259 1189 2324; x_wconf 88' lang='lat' dir='ltr'><strong>tuba</strong></span> <span class='ocrx_word' id='word_1_162' title='bbox 1245 2259 1341 2324; x_wconf 89' lang='lat' dir='ltr'><strong>sic</strong></span> <span class='ocrx_word' id='word_1_163' title='bbox 1385 2260 1599 2325; x_wconf 90' lang='lat' dir='ltr'><strong>iussus</strong></span> <span class='ocrx_word' id='word_1_164' title='bbox 1644 2259 1938 2345; x_wconf 76' lang='lat' dir='ltr'><strong>Agyrtes</strong></span> <span class='ocrx_word' id='word_1_165' title='bbox 2103 2278 2209 2327; x_wconf 81' lang='lat'><strong>875</strong></span> 
     </span>
     <span class='ocr_line' id='line_1_25' title="bbox 178 2347 1710 2433; baseline 0.001 -21"><span class='ocrx_word' id='word_1_166' title='bbox 178 2347 507 2413; x_wconf 88' lang='lat' dir='ltr'><strong>Insonuit:</strong></span> <span class='ocrx_word' id='word_1_167' title='bbox 553 2348 816 2433; x_wconf 85' lang='lat' dir='ltr'><strong>fugiunt</strong></span> <span class='ocrx_word' id='word_1_168' title='bbox 860 2347 1147 2412; x_wconf 89' lang='lat' dir='ltr'><strong>disiectis</strong></span> <span class='ocrx_word' id='word_1_169' title='bbox 1193 2348 1477 2432; x_wconf 89' lang='lat' dir='ltr'><strong>undique</strong></span> <span class='ocrx_word' id='word_1_170' title='bbox 1525 2348 1710 2414; x_wconf 90' lang='lat' dir='ltr'><strong>donis</strong></span> 
     </span>
     <span class='ocr_line' id='line_1_26' title="bbox 177 2435 2101 2523; baseline 0.002 -22"><span class='ocrx_word' id='word_1_171' title='bbox 177 2435 667 2522; x_wconf 86' lang='lat' dir='ltr'><strong>Implorantque</strong></span> <span class='ocrx_word' id='word_1_172' title='bbox 710 2440 968 2523; x_wconf 90' lang='lat' dir='ltr'><strong>patrem</strong></span> <span class='ocrx_word' id='word_1_173' title='bbox 1014 2441 1469 2522; x_wconf 86' lang='lat' dir='ltr'><strong>commotaque</strong></span> <span class='ocrx_word' id='word_1_174' title='bbox 1514 2438 1766 2522; x_wconf 86' lang='lat' dir='ltr'><strong>proelia</strong></span> <span class='ocrx_word' id='word_1_175' title='bbox 1812 2440 2101 2505; x_wconf 87' lang='lat' dir='ltr'><strong>credunt.</strong></span> 
     </span>
     <span class='ocr_line' id='line_1_27' title="bbox 175 2524 1708 2612; baseline 0.003 -23"><span class='ocrx_word' id='word_1_176' title='bbox 175 2524 361 2591; x_wconf 90' lang='lat' dir='ltr'><strong>Illius</strong></span> <span class='ocrx_word' id='word_1_177' title='bbox 407 2527 693 2592; x_wconf 82' lang='lat' dir='ltr'><strong>intactae</strong></span> <span class='ocrx_word' id='word_1_178' title='bbox 740 2525 1024 2592; x_wconf 82' lang='lat' dir='ltr'><strong>cecidere</strong></span> <span class='ocrx_word' id='word_1_179' title='bbox 1074 2548 1113 2591; x_wconf 91' lang='lat' dir='ltr'><strong>a</strong></span> <span class='ocrx_word' id='word_1_180' title='bbox 1158 2529 1419 2610; x_wconf 88' lang='lat' dir='ltr'><strong>pectore</strong></span> <span class='ocrx_word' id='word_1_181' title='bbox 1464 2530 1708 2612; x_wconf 82' lang='lat' dir='ltr'><strong>vestes,</strong></span> 
     </span>
    </p>
   </div>
   <div class='ocr_carea' id='block_1_3' title="bbox 174 2695 601 2704">
    <p class='ocr_par' dir='ltr' id='par_1_11' title="bbox 174 2695 601 2704">
     <span class='ocr_line' id='line_1_28' title="bbox 174 2695 601 2704; baseline 0 1205"><span class='ocrx_word' id='word_1_182' title='bbox 174 2695 601 2704; x_wconf 95' lang='lat' dir='ltr'><strong> </strong></span> 
     </span>
    </p>
   </div>
   <div class='ocr_carea' id='block_1_4' title="bbox 173 2808 2213 3518">
    <p class='ocr_par' dir='ltr' id='par_1_12' title="bbox 173 2808 2213 3518">
     <span class='ocr_line' id='line_1_29' title="bbox 319 2808 2212 2879; baseline 0.001 -15"><span class='ocrx_word' id='word_1_183' title='bbox 319 2814 422 2864; x_wconf 87' lang='grc'>853</span> <span class='ocrx_word' id='word_1_184' title='bbox 462 2809 522 2863; x_wconf 90' lang='lat' dir='ltr'><strong>et</strong></span> <span class='ocrx_word' id='word_1_185' title='bbox 555 2808 702 2864; x_wconf 87' lang='lat' dir='ltr'><strong>forte</strong></span> <span class='ocrx_word' id='word_1_186' title='bbox 737 2808 980 2863; x_wconf 82' lang='lat' dir='ltr'><strong>rubebat</strong></span> <span class='ocrx_word' id='word_1_187' title='bbox 1004 2813 1207 2875; x_wconf 78' lang='lat' dir='ltr'><strong>PPopt</strong></span> <span class='ocrx_word' id='word_1_188' title='bbox 1233 2808 1392 2863; x_wconf 80' lang='lat' dir='ltr'><strong>Leid.</strong></span> <span class='ocrx_word' id='word_1_189' title='bbox 1432 2810 1492 2863; x_wconf 89' lang='lat' dir='ltr'><strong>et</strong></span> <span class='ocrx_word' id='word_1_190' title='bbox 1519 2808 1664 2865; x_wconf 83' lang='lat' dir='ltr'><strong>forte</strong></span> <span class='ocrx_word' id='word_1_191' title='bbox 1691 2809 1974 2864; x_wconf 84' lang='lat' dir='ltr'><strong>rubebant</strong></span> <span class='ocrx_word' id='word_1_192' title='bbox 2001 2808 2072 2862; x_wconf 69' lang='lat'><strong>(3²</strong></span> <span class='ocrx_word' id='word_1_193' title='bbox 2113 2810 2212 2879; x_wconf 84' lang='lat' dir='ltr'><strong>qui</strong></span> 
     </span>
     <span class='ocr_line' id='line_1_30' title="bbox 174 2878 2211 2950; baseline 0.001 -17"><span class='ocrx_word' id='word_1_194' title='bbox 174 2878 319 2934; x_wconf 82' lang='lat' dir='ltr'><strong>forte</strong></span> <span class='ocrx_word' id='word_1_195' title='bbox 373 2879 616 2935; x_wconf 85' lang='lat' dir='ltr'><strong>rubebat</strong></span> <span class='ocrx_word' id='word_1_196' title='bbox 649 2883 809 2932; x_wconf 68' lang='grc' dir='ltr'><strong>ΒΘΗ</strong></span> <span class='ocrx_word' id='word_1_197' title='bbox 864 2881 923 2934; x_wconf 86' lang='lat' dir='ltr'><strong>et</strong></span> <span class='ocrx_word' id='word_1_198' title='bbox 975 2878 1122 2934; x_wconf 85' lang='lat' dir='ltr'><strong>forte</strong></span> <span class='ocrx_word' id='word_1_199' title='bbox 1158 2880 1454 2935; x_wconf 86' lang='lat' dir='ltr'><strong>rubentem</strong></span> <span class='ocrx_word' id='word_1_200' title='bbox 1498 2881 1619 2935; x_wconf 83' lang='lat' dir='ltr'><strong>edd.</strong></span> <span class='ocrx_word' id='word_1_201' title='bbox 1697 2882 2211 2950; x_wconf 75' lang='lat' dir='ltr'><strong>Interpunctionem</strong></span> 
     </span>
     <span class='ocr_line' id='line_1_31' title="bbox 176 2950 2210 3021; baseline 0 -16"><span class='ocrx_word' id='word_1_202' title='bbox 176 2953 390 3005; x_wconf 68' lang='lat' dir='ltr'><strong>coo-remi</strong></span> <span class='ocrx_word' id='word_1_203' title='bbox 414 2952 434 3020; x_wconf 83' lang='grc' dir='ltr'><strong>ΙΙ</strong></span> <span class='ocrx_word' id='word_1_204' title='bbox 461 2956 566 3005; x_wconf 85' lang='grc'>854</span> <span class='ocrx_word' id='word_1_205' title='bbox 604 2950 879 3005; x_wconf 87' lang='lat' dir='ltr'><strong>acclinem</strong></span> <span class='ocrx_word' id='word_1_206' title='bbox 921 2950 1197 3020; x_wconf 88' lang='lat' dir='ltr'><strong>conspicit</strong></span> <span class='ocrx_word' id='word_1_207' title='bbox 1222 2955 1312 3017; x_wconf 74' lang='lat' dir='ltr'><strong>Ap</strong></span> <span class='ocrx_word' id='word_1_208' title='bbox 1332 2951 1490 3006; x_wconf 68' lang='lat' dir='ltr'><strong>Laid.</strong></span> <span class='ocrx_word' id='word_1_209' title='bbox 1542 2950 1818 3007; x_wconf 85' lang='lat' dir='ltr'><strong>acclivem</strong></span> <span class='ocrx_word' id='word_1_210' title='bbox 1846 2951 2121 3021; x_wconf 85' lang='lat' dir='ltr'><strong>conspicit</strong></span> <span class='ocrx_word' id='word_1_211' title='bbox 2154 2957 2210 3005; x_wconf 72' lang='lat' dir='ltr'><strong>u</strong></span> 
     </span>
     <span class='ocr_line' id='line_1_32' title="bbox 177 3021 2213 3094; baseline 0.001 -18"><span class='ocrx_word' id='word_1_212' title='bbox 177 3021 451 3077; x_wconf 85' lang='lat' dir='ltr'><strong>acclinem</strong></span> <span class='ocrx_word' id='word_1_213' title='bbox 480 3023 539 3076; x_wconf 88' lang='lat' dir='ltr'><strong>et</strong></span> <span class='ocrx_word' id='word_1_214' title='bbox 567 3022 843 3092; x_wconf 89' lang='lat' dir='ltr'><strong>conspicit</strong></span> <span class='ocrx_word' id='word_1_215' title='bbox 873 3022 991 3078; x_wconf 78' lang='lat' dir='ltr'><strong>edd.</strong></span> <span class='ocrx_word' id='word_1_216' title='bbox 1026 3025 1035 3089; x_wconf 87' lang='grc' dir='ltr'>Ι</span> <span class='ocrx_word' id='word_1_217' title='bbox 1067 3023 1261 3077; x_wconf 84' lang='lat' dir='ltr'><strong>hastae</strong></span> <span class='ocrx_word' id='word_1_218' title='bbox 1290 3025 1379 3089; x_wconf 75' lang='lat' dir='ltr'><strong>Ap</strong></span> <span class='ocrx_word' id='word_1_219' title='bbox 1399 3022 1559 3077; x_wconf 69' lang='lat' dir='ltr'><strong>Leia.</strong></span> <span class='ocrx_word' id='word_1_220' title='bbox 1589 3022 1814 3077; x_wconf 86' lang='lat' dir='ltr'><strong>hastam</strong></span> <span class='ocrx_word' id='word_1_221' title='bbox 1841 3027 1897 3075; x_wconf 71' lang='grc' dir='ltr'><strong>Π</strong></span> <span class='ocrx_word' id='word_1_222' title='bbox 1920 3023 1927 3094; x_wconf 72' lang='grc' dir='ltr'>Ι</span> <span class='ocrx_word' id='word_1_223' title='bbox 1951 3027 2057 3079; x_wconf 87' lang='grc'><strong>860</strong></span> <span class='ocrx_word' id='word_1_224' title='bbox 2084 3023 2213 3094; x_wconf 87' lang='lat' dir='ltr'><strong>rapi</strong></span> 
     </span>
     <span class='ocr_line' id='line_1_33' title="bbox 176 3092 2213 3163; baseline 0.002 -18"><span class='ocrx_word' id='word_1_225' title='bbox 176 3096 324 3145; x_wconf 71' lang='lat' dir='ltr'><strong>Am.</strong></span> <span class='ocrx_word' id='word_1_226' title='bbox 372 3094 487 3148; x_wconf 87' lang='lat' dir='ltr'><strong>ruit</strong></span> <span class='ocrx_word' id='word_1_227' title='bbox 519 3098 575 3146; x_wconf 71' lang='grc' dir='ltr'><strong>Π</strong></span> <span class='ocrx_word' id='word_1_228' title='bbox 621 3094 689 3160; x_wconf 74' lang='lat' dir='ltr'><strong>cfi</strong></span> <span class='ocrx_word' id='word_1_229' title='bbox 740 3110 789 3148; x_wconf 87' lang='lat' dir='ltr'><strong>v.</strong></span> <span class='ocrx_word' id='word_1_230' title='bbox 829 3098 935 3148; x_wconf 82' lang='lat'><strong>791</strong></span> <span class='ocrx_word' id='word_1_231' title='bbox 991 3095 1011 3163; x_wconf 79' lang='grc' dir='ltr'><strong>ΙΙ</strong></span> <span class='ocrx_word' id='word_1_232' title='bbox 1070 3097 1173 3148; x_wconf 86' lang='grc'><strong>863</strong></span> <span class='ocrx_word' id='word_1_233' title='bbox 1213 3092 1373 3148; x_wconf 87' lang='lat' dir='ltr'><strong>iuuet</strong></span> <span class='ocrx_word' id='word_1_234' title='bbox 1407 3098 1447 3145; x_wconf 83' lang='lat' dir='ltr'>P</span> <span class='ocrx_word' id='word_1_235' title='bbox 1496 3096 1506 3161; x_wconf 85' lang='grc' dir='ltr'>Ι</span> <span class='ocrx_word' id='word_1_236' title='bbox 1555 3093 1772 3149; x_wconf 84' lang='lat' dir='ltr'><strong>servire</strong></span> <span class='ocrx_word' id='word_1_237' title='bbox 1818 3099 1923 3148; x_wconf 71' lang='grc' dir='ltr'><strong>ΡΠ</strong></span> <span class='ocrx_word' id='word_1_238' title='bbox 1976 3095 2213 3151; x_wconf 85' lang='lat' dir='ltr'><strong>servisse</strong></span> 
     </span>
     <span class='ocr_line' id='line_1_34' title="bbox 179 3163 2212 3234; baseline 0.002 -18"><span class='ocrx_word' id='word_1_239' title='bbox 179 3163 329 3216; x_wconf 68' lang='lat'>(321’0</span> <span class='ocrx_word' id='word_1_240' title='bbox 365 3163 537 3219; x_wconf 85' lang='lat' dir='ltr'><strong>fuisso</strong></span> <span class='ocrx_word' id='word_1_241' title='bbox 573 3169 625 3218; x_wconf 77' lang='grc' dir='ltr'><strong>Η</strong></span> <span class='ocrx_word' id='word_1_242' title='bbox 669 3164 829 3220; x_wconf 85' lang='lat' dir='ltr'><strong>iuvat</strong></span> <span class='ocrx_word' id='word_1_243' title='bbox 864 3164 1080 3220; x_wconf 80' lang='lat' dir='ltr'><strong>saevire</strong></span> <span class='ocrx_word' id='word_1_244' title='bbox 1126 3180 1265 3219; x_wconf 79' lang='lat' dir='ltr'><strong>corr.</strong></span> <span class='ocrx_word' id='word_1_245' title='bbox 1313 3164 1686 3219; x_wconf 75' lang='lat' dir='ltr'><strong>Baehrensius</strong></span> <span class='ocrx_word' id='word_1_246' title='bbox 1729 3167 1751 3234; x_wconf 89' lang='grc' dir='ltr'><strong>ΙΙ</strong></span> <span class='ocrx_word' id='word_1_247' title='bbox 1794 3170 1899 3220; x_wconf 84' lang='grc'>865</span> <span class='ocrx_word' id='word_1_248' title='bbox 1937 3165 2114 3220; x_wconf 87' lang='lat' dir='ltr'><strong>talem</strong></span> <span class='ocrx_word' id='word_1_249' title='bbox 2151 3181 2212 3220; x_wconf 88' lang='lat' dir='ltr'><strong>se</strong></span> 
     </span>
     <span class='ocr_line' id='line_1_35' title="bbox 184 3234 2210 3304; baseline 0.003 -18"><span class='ocrx_word' id='word_1_250' title='bbox 184 3234 464 3289; x_wconf 70' lang='lat' dir='ltr'><strong>aeLeid.</strong></span> <span class='ocrx_word' id='word_1_251' title='bbox 530 3253 591 3290; x_wconf 90' lang='lat' dir='ltr'><strong>se</strong></span> <span class='ocrx_word' id='word_1_252' title='bbox 625 3236 800 3291; x_wconf 88' lang='lat' dir='ltr'><strong>talem</strong></span> <span class='ocrx_word' id='word_1_253' title='bbox 838 3243 881 3289; x_wconf 84' lang='lat' dir='ltr'>D</span> <span class='ocrx_word' id='word_1_254' title='bbox 917 3238 1006 3300; x_wconf 81' lang='lat' dir='ltr'><strong>(ut</strong></span> <span class='ocrx_word' id='word_1_255' title='bbox 1040 3252 1068 3287; x_wconf 83' lang='lat' dir='ltr'><strong>e</strong></span> <span class='ocrx_word' id='word_1_256' title='bbox 1104 3236 1217 3290; x_wconf 82' lang='lat' dir='ltr'><strong>cod.</strong></span> <span class='ocrx_word' id='word_1_257' title='bbox 1260 3234 1409 3290; x_wconf 79' lang='lat' dir='ltr'><strong>Voss.</strong></span> <span class='ocrx_word' id='word_1_258' title='bbox 1439 3236 1760 3291; x_wconf 75' lang='lat' dir='ltr'><strong>emendabat</strong></span> <span class='ocrx_word' id='word_1_259' title='bbox 1793 3236 2089 3304; x_wconf 75' lang='lat' dir='ltr'><strong>Heinsius)</strong></span> <span class='ocrx_word' id='word_1_260' title='bbox 2138 3236 2210 3293; x_wconf 90' lang='lat' dir='ltr'><strong>si·</strong></span> 
     </span>
     <span class='ocr_line' id='line_1_36' title="bbox 178 3305 2211 3378; baseline 0.002 -19"><span class='ocrx_word' id='word_1_261' title='bbox 178 3305 374 3360; x_wconf 88' lang='lat' dir='ltr'><strong>milem</strong></span> <span class='ocrx_word' id='word_1_262' title='bbox 420 3306 649 3361; x_wconf 83' lang='lat' dir='ltr'><strong>tandem</strong></span> <span class='ocrx_word' id='word_1_263' title='bbox 694 3324 754 3364; x_wconf 87' lang='lat' dir='ltr'><strong>se</strong></span> <span class='ocrx_word' id='word_1_264' title='bbox 799 3307 917 3362; x_wconf 79' lang='lat' dir='ltr'><strong>edd.</strong></span> <span class='ocrx_word' id='word_1_265' title='bbox 964 3306 985 3375; x_wconf 79' lang='lat' dir='ltr'><strong>ll</strong></span> <span class='ocrx_word' id='word_1_266' title='bbox 1028 3310 1132 3360; x_wconf 80' lang='lat'><strong>872</strong></span> <span class='ocrx_word' id='word_1_267' title='bbox 1184 3305 1294 3360; x_wconf 89' lang='lat' dir='ltr'><strong>Eia</strong></span> <span class='ocrx_word' id='word_1_268' title='bbox 1339 3306 1608 3377; x_wconf 87' lang='lat' dir='ltr'><strong>abrumpe</strong></span> <span class='ocrx_word' id='word_1_269' title='bbox 1653 3312 1694 3361; x_wconf 96' lang='lat' dir='ltr'>P</span> <span class='ocrx_word' id='word_1_270' title='bbox 1738 3307 1887 3362; x_wconf 89' lang='lat' dir='ltr'><strong>Heia</strong></span> <span class='ocrx_word' id='word_1_271' title='bbox 1940 3308 2211 3378; x_wconf 85' lang='lat' dir='ltr'><strong>abrumpe</strong></span> 
     </span>
     <span class='ocr_line' id='line_1_37' title="bbox 176 3375 2210 3447; baseline 0.002 -19"><span class='ocrx_word' id='word_1_272' title='bbox 176 3380 245 3429; x_wconf 77' lang='lat' dir='ltr'><strong>Po</strong></span> <span class='ocrx_word' id='word_1_273' title='bbox 258 3375 327 3429; x_wconf 69' lang='lat'><strong>(3²</strong></span> <span class='ocrx_word' id='word_1_274' title='bbox 362 3376 468 3432; x_wconf 85' lang='lat' dir='ltr'><strong>Eia</strong></span> <span class='ocrx_word' id='word_1_275' title='bbox 510 3395 708 3447; x_wconf 85' lang='lat' dir='ltr'><strong>rumpe</strong></span> <span class='ocrx_word' id='word_1_276' title='bbox 744 3383 800 3431; x_wconf 71' lang='grc' dir='ltr'><strong>Π</strong></span> <span class='ocrx_word' id='word_1_277' title='bbox 844 3377 966 3441; x_wconf 87' lang='lat' dir='ltr'><strong>Eia,</strong></span> <span class='ocrx_word' id='word_1_278' title='bbox 1006 3393 1129 3445; x_wconf 86' lang='lat' dir='ltr'><strong>age,</strong></span> <span class='ocrx_word' id='word_1_279' title='bbox 1165 3394 1366 3447; x_wconf 88' lang='lat' dir='ltr'><strong>rumpe</strong></span> <span class='ocrx_word' id='word_1_280' title='bbox 1403 3379 1522 3433; x_wconf 81' lang='lat' dir='ltr'><strong>edd.</strong></span> <span class='ocrx_word' id='word_1_281' title='bbox 1556 3381 1566 3447; x_wconf 82' lang='grc' dir='ltr'>Ι</span> <span class='ocrx_word' id='word_1_282' title='bbox 1595 3378 1747 3433; x_wconf 88' lang='lat' dir='ltr'><strong>idem</strong></span> <span class='ocrx_word' id='word_1_283' title='bbox 1783 3383 1824 3432; x_wconf 89' lang='lat' dir='ltr'>P</span> <span class='ocrx_word' id='word_1_284' title='bbox 1888 3378 1986 3434; x_wconf 90' lang='lat' dir='ltr'><strong>Ide</strong></span> <span class='ocrx_word' id='word_1_285' title='bbox 2023 3383 2093 3432; x_wconf 84' lang='lat' dir='ltr'><strong>Po</strong></span> <span class='ocrx_word' id='word_1_286' title='bbox 2140 3380 2210 3446; x_wconf 79' lang='lat' dir='ltr'><strong>cf.</strong></span> 
     </span>
     <span class='ocr_line' id='line_1_38' title="bbox 173 3447 1405 3518; baseline 0.001 -18"><span class='ocrx_word' id='word_1_287' title='bbox 173 3463 224 3501; x_wconf 82' lang='lat' dir='ltr'><strong>v.</strong></span> <span class='ocrx_word' id='word_1_288' title='bbox 246 3451 360 3504; x_wconf 82' lang='lat'><strong>927</strong></span> <span class='ocrx_word' id='word_1_289' title='bbox 395 3448 495 3503; x_wconf 86' lang='lat' dir='ltr'><strong>Ida</strong></span> <span class='ocrx_word' id='word_1_290' title='bbox 532 3449 670 3502; x_wconf 61' lang='grc' dir='ltr'><strong>(ΡΠ</strong></span> <span class='ocrx_word' id='word_1_291' title='bbox 704 3449 787 3503; x_wconf 89' lang='lat' dir='ltr'><strong>idi</strong></span> <span class='ocrx_word' id='word_1_292' title='bbox 821 3456 847 3500; x_wconf 83' lang='lat' dir='ltr'><strong>t</strong></span> <span class='ocrx_word' id='word_1_293' title='bbox 871 3448 891 3517; x_wconf 77' lang='grc' dir='ltr'><strong>ΙΙ</strong></span> <span class='ocrx_word' id='word_1_294' title='bbox 919 3451 1022 3500; x_wconf 82' lang='grc'>875</span> <span class='ocrx_word' id='word_1_295' title='bbox 1060 3447 1328 3518; x_wconf 58' lang='lat' dir='ltr'><strong>achyrtes</strong></span> <span class='ocrx_word' id='word_1_296' title='bbox 1364 3452 1405 3501; x_wconf 90' lang='lat' dir='ltr'>P</span> 
     </span>
    </p>
   </div>
  </div>
 </body>
</html>
