<?xml version="1.0" encoding="UTF-8"?>
<!DOCTYPE html PUBLIC "-//W3C//DTD XHTML 1.0 Transitional//EN"
    "http://www.w3.org/TR/xhtml1/DTD/xhtml1-transitional.dtd">
<html xmlns="http://www.w3.org/1999/xhtml" xml:lang="en" lang="en">
 <head>
  <title>
</title>
<meta http-equiv="Content-Type" content="text/html;charset=utf-8" />
  <meta name='ocr-system' content='tesseract 3.04.00' />
  <meta name='ocr-capabilities' content='ocr_page ocr_carea ocr_par ocr_line ocrx_word'/>
</head>
<body>
  <div class='ocr_page' id='page_1' title='image "./ppapiniusstatiu00placgoog_0033.png"; bbox 0 0 2517 3909; ppageno 0'>
   <div class='ocr_carea' id='block_1_1' title="bbox 943 162 2337 234">
    <p class='ocr_par' dir='ltr' id='par_1_1' title="bbox 943 162 2337 234">
     <span class='ocr_line' id='line_1_1' title="bbox 943 162 2337 234; baseline -0.001 -14"><span class='ocrx_word' id='word_1_1' title='bbox 943 162 1319 220; x_wconf 73' lang='lat' dir='ltr'>smmum</span> <span class='ocrx_word' id='word_1_2' title='bbox 1353 164 1415 219; x_wconf 87' lang='lat' dir='ltr'>L.</span> <span class='ocrx_word' id='word_1_3' title='bbox 1453 165 1497 234; x_wconf 91' lang='lat'>1,</span> <span class='ocrx_word' id='word_1_4' title='bbox 1536 170 1582 219; x_wconf 89' lang='lat'>1.</span> <span class='ocrx_word' id='word_1_5' title='bbox 2301 166 2337 229; x_wconf 82' lang='lat'><strong>7</strong></span> 
     </span>
    </p>
   </div>
   <div class='ocr_carea' id='block_1_2' title="bbox 197 308 2342 2972">
    <p class='ocr_par' dir='ltr' id='par_1_2' title="bbox 210 308 1864 395">
     <span class='ocr_line' id='line_1_2' title="bbox 210 308 1864 395; baseline -0.002 -17"><span class='ocrx_word' id='word_1_6' title='bbox 210 312 429 378; x_wconf 83' lang='lat' dir='ltr'>Fluxit</span> <span class='ocrx_word' id='word_1_7' title='bbox 474 309 683 395; x_wconf 79' lang='lat' dir='ltr'>opus?</span> <span class='ocrx_word' id='word_1_8' title='bbox 734 308 965 375; x_wconf 80' lang='lat' dir='ltr'>Siculis</span> <span class='ocrx_word' id='word_1_9' title='bbox 1011 332 1096 374; x_wconf 88' lang='lat' dir='ltr'>an</span> <span class='ocrx_word' id='word_1_10' title='bbox 1142 310 1550 378; x_wconf 78' lang='lat' dir='ltr'>conformata</span> <span class='ocrx_word' id='word_1_11' title='bbox 1595 310 1864 375; x_wconf 91' lang='lat' dir='ltr'>caminis</span> 
     </span>
    </p>

    <p class='ocr_par' dir='ltr' id='par_1_3' title="bbox 207 397 1982 487">
     <span class='ocr_line' id='line_1_3' title="bbox 207 397 1982 487; baseline -0.001 -21"><span class='ocrx_word' id='word_1_12' title='bbox 207 401 479 487; x_wconf 83' lang='lat' dir='ltr'>Effigies</span> <span class='ocrx_word' id='word_1_13' title='bbox 522 401 771 465; x_wconf 89' lang='lat' dir='ltr'>lassum</span> <span class='ocrx_word' id='word_1_14' title='bbox 817 397 1151 483; x_wconf 80' lang='lat' dir='ltr'>Steropem</span> <span class='ocrx_word' id='word_1_15' title='bbox 1194 398 1633 484; x_wconf 78' lang='lat' dir='ltr'><strong>Brontemque</strong></span> <span class='ocrx_word' id='word_1_16' title='bbox 1677 399 1982 484; x_wconf 73' lang='lat' dir='ltr'>reliquit?</span> 
     </span>
    </p>

    <p class='ocr_par' dir='ltr' id='par_1_4' title="bbox 210 487 2339 661">
     <span class='ocr_line' id='line_1_4' title="bbox 212 487 2339 571; baseline 0 -17"><span class='ocrx_word' id='word_1_17' title='bbox 212 490 315 555; x_wconf 88' lang='lat' dir='ltr'>An</span> <span class='ocrx_word' id='word_1_18' title='bbox 359 494 428 554; x_wconf 90' lang='lat' dir='ltr'>te</span> <span class='ocrx_word' id='word_1_19' title='bbox 474 487 807 554; x_wconf 80' lang='lat' dir='ltr'>Palladiae</span> <span class='ocrx_word' id='word_1_20' title='bbox 850 489 1068 571; x_wconf 88' lang='lat' dir='ltr'>talem,</span> <span class='ocrx_word' id='word_1_21' title='bbox 1113 487 1521 571; x_wconf 80' lang='lat' dir='ltr'>Germanice,</span> <span class='ocrx_word' id='word_1_22' title='bbox 1565 487 1753 552; x_wconf 90' lang='lat' dir='ltr'>nobis</span> <span class='ocrx_word' id='word_1_23' title='bbox 2308 505 2339 555; x_wconf 85' lang='lat'>5</span> 
     </span>
     <span class='ocr_line' id='line_1_5' title="bbox 210 576 1984 661; baseline -0.001 -17"><span class='ocrx_word' id='word_1_24' title='bbox 210 579 535 644; x_wconf 82' lang='lat' dir='ltr'>Effinxere</span> <span class='ocrx_word' id='word_1_25' title='bbox 582 598 834 660; x_wconf 87' lang='lat' dir='ltr'>manus,</span> <span class='ocrx_word' id='word_1_26' title='bbox 881 577 1138 661; x_wconf 91' lang='lat' dir='ltr'>qualem</span> <span class='ocrx_word' id='word_1_27' title='bbox 1184 577 1378 642; x_wconf 91' lang='lat' dir='ltr'>modo</span> <span class='ocrx_word' id='word_1_28' title='bbox 1424 576 1612 641; x_wconf 89' lang='lat' dir='ltr'>frena</span> <span class='ocrx_word' id='word_1_29' title='bbox 1655 580 1984 642; x_wconf 86' lang='lat' dir='ltr'>tenentem</span> 
     </span>
    </p>

    <p class='ocr_par' dir='ltr' id='par_1_5' title="bbox 207 664 1877 732">
     <span class='ocr_line' id='line_1_6' title="bbox 207 664 1877 732; baseline -0.001 0"><span class='ocrx_word' id='word_1_30' title='bbox 207 667 475 732; x_wconf 84' lang='lat' dir='ltr'><strong>Rhenus</strong></span> <span class='ocrx_word' id='word_1_31' title='bbox 523 670 591 731; x_wconf 95' lang='lat' dir='ltr'>et</span> <span class='ocrx_word' id='word_1_32' title='bbox 637 666 898 731; x_wconf 76' lang='lat' dir='ltr'>attoniti</span> <span class='ocrx_word' id='word_1_33' title='bbox 944 665 1109 730; x_wconf 87' lang='lat' dir='ltr'>uidit</span> <span class='ocrx_word' id='word_1_34' title='bbox 1152 665 1381 730; x_wconf 88' lang='lat' dir='ltr'>domus</span> <span class='ocrx_word' id='word_1_35' title='bbox 1427 665 1630 729; x_wconf 89' lang='lat' dir='ltr'>ardua</span> <span class='ocrx_word' id='word_1_36' title='bbox 1672 664 1877 732; x_wconf 77' lang='lat' dir='ltr'>Daci?</span> 
     </span>
    </p>

    <p class='ocr_par' dir='ltr' id='par_1_6' title="bbox 201 754 2030 928">
     <span class='ocr_line' id='line_1_7' title="bbox 205 754 2030 840; baseline 0 -20"><span class='ocrx_word' id='word_1_37' title='bbox 205 754 396 821; x_wconf 89' lang='lat' dir='ltr'>Nunc</span> <span class='ocrx_word' id='word_1_38' title='bbox 445 776 567 840; x_wconf 86' lang='lat' dir='ltr'>age</span> <span class='ocrx_word' id='word_1_39' title='bbox 610 755 793 820; x_wconf 88' lang='lat' dir='ltr'>fama</span> <span class='ocrx_word' id='word_1_40' title='bbox 836 755 1012 839; x_wconf 88' lang='lat' dir='ltr'>prior</span> <span class='ocrx_word' id='word_1_41' title='bbox 1055 757 1285 820; x_wconf 89' lang='lat' dir='ltr'>notum</span> <span class='ocrx_word' id='word_1_42' title='bbox 1329 775 1445 839; x_wconf 90' lang='lat' dir='ltr'>per</span> <span class='ocrx_word' id='word_1_43' title='bbox 1490 755 1745 819; x_wconf 88' lang='lat' dir='ltr'>saecula</span> <span class='ocrx_word' id='word_1_44' title='bbox 1788 776 2030 820; x_wconf 91' lang='lat' dir='ltr'>nomen</span> 
     </span>
     <span class='ocr_line' id='line_1_8' title="bbox 201 843 1701 928; baseline -0.001 -19"><span class='ocrx_word' id='word_1_45' title='bbox 201 843 518 909; x_wconf 86' lang='lat' dir='ltr'>Dardanii</span> <span class='ocrx_word' id='word_1_46' title='bbox 561 844 831 909; x_wconf 88' lang='lat' dir='ltr'>miretur</span> <span class='ocrx_word' id='word_1_47' title='bbox 873 844 1039 928; x_wconf 88' lang='lat' dir='ltr'>equi,</span> <span class='ocrx_word' id='word_1_48' title='bbox 1085 843 1187 908; x_wconf 91' lang='lat' dir='ltr'>cui</span> <span class='ocrx_word' id='word_1_49' title='bbox 1231 844 1474 909; x_wconf 87' lang='lat' dir='ltr'>uertice</span> <span class='ocrx_word' id='word_1_50' title='bbox 1519 864 1701 908; x_wconf 86' lang='lat' dir='ltr'>sacro</span> 
     </span>
    </p>

    <p class='ocr_par' dir='ltr' id='par_1_7' title="bbox 201 931 2342 1106">
     <span class='ocr_line' id='line_1_9' title="bbox 203 931 2342 1017; baseline 0 -19"><span class='ocrx_word' id='word_1_51' title='bbox 203 932 585 1017; x_wconf 81' lang='lat' dir='ltr'>Dindymon</span> <span class='ocrx_word' id='word_1_52' title='bbox 632 936 697 997; x_wconf 89' lang='lat' dir='ltr'>et</span> <span class='ocrx_word' id='word_1_53' title='bbox 742 932 944 997; x_wconf 90' lang='lat' dir='ltr'>caesis</span> <span class='ocrx_word' id='word_1_54' title='bbox 991 932 1277 996; x_wconf 88' lang='lat' dir='ltr'>decreuit</span> <span class='ocrx_word' id='word_1_55' title='bbox 1328 931 1668 997; x_wconf 84' lang='lat' dir='ltr'>frondibus</span> <span class='ocrx_word' id='word_1_56' title='bbox 1712 931 1843 997; x_wconf 89' lang='lat' dir='ltr'>Ide.</span> <span class='ocrx_word' id='word_1_57' title='bbox 2272 950 2342 999; x_wconf 89' lang='lat'>10</span> 
     </span>
     <span class='ocr_line' id='line_1_10' title="bbox 201 1020 1993 1106; baseline 0 -19"><span class='ocrx_word' id='word_1_58' title='bbox 201 1021 394 1087; x_wconf 89' lang='lat' dir='ltr'>Hunc</span> <span class='ocrx_word' id='word_1_59' title='bbox 440 1043 652 1106; x_wconf 94' lang='lat' dir='ltr'>neque</span> <span class='ocrx_word' id='word_1_60' title='bbox 699 1020 982 1086; x_wconf 80' lang='lat' dir='ltr'>discissis</span> <span class='ocrx_word' id='word_1_61' title='bbox 1027 1021 1355 1105; x_wconf 89' lang='lat' dir='ltr'>cepissent</span> <span class='ocrx_word' id='word_1_62' title='bbox 1397 1020 1718 1106; x_wconf 85' lang='lat' dir='ltr'>Pergama</span> <span class='ocrx_word' id='word_1_63' title='bbox 1761 1022 1993 1105; x_wconf 82' lang='lat' dir='ltr'>muris3</span> 
     </span>
    </p>

    <p class='ocr_par' dir='ltr' id='par_1_8' title="bbox 201 1109 1987 1196">
     <span class='ocr_line' id='line_1_11' title="bbox 201 1109 1987 1196; baseline 0 -21"><span class='ocrx_word' id='word_1_64' title='bbox 201 1109 339 1175; x_wconf 88' lang='lat' dir='ltr'>Nec</span> <span class='ocrx_word' id='word_1_65' title='bbox 387 1131 586 1196; x_wconf 85' lang='lat' dir='ltr'><strong>grege</strong></span> <span class='ocrx_word' id='word_1_66' title='bbox 631 1110 951 1194; x_wconf 86' lang='lat' dir='ltr'>permixto</span> <span class='ocrx_word' id='word_1_67' title='bbox 995 1111 1180 1194; x_wconf 89' lang='lat' dir='ltr'>pueri</span> <span class='ocrx_word' id='word_1_68' title='bbox 1224 1110 1662 1194; x_wconf 80' lang='lat' dir='ltr'>innuptaeque</span> <span class='ocrx_word' id='word_1_69' title='bbox 1706 1111 1987 1196; x_wconf 89' lang='lat' dir='ltr'>puellae,</span> 
     </span>
    </p>

    <p class='ocr_par' dir='ltr' id='par_1_9' title="bbox 202 1198 1915 1283">
     <span class='ocr_line' id='line_1_12' title="bbox 202 1198 1915 1283; baseline -0.001 -19"><span class='ocrx_word' id='word_1_70' title='bbox 202 1198 349 1283; x_wconf 93' lang='lat' dir='ltr'>Ipse</span> <span class='ocrx_word' id='word_1_71' title='bbox 395 1220 517 1264; x_wconf 91' lang='lat' dir='ltr'>nec</span> <span class='ocrx_word' id='word_1_72' title='bbox 560 1198 819 1264; x_wconf 79' lang='lat' dir='ltr'>Aeneas</span> <span class='ocrx_word' id='word_1_73' title='bbox 862 1219 982 1263; x_wconf 89' lang='lat' dir='ltr'>nec</span> <span class='ocrx_word' id='word_1_74' title='bbox 1026 1218 1302 1283; x_wconf 83' lang='lat' dir='ltr'>magnus</span> <span class='ocrx_word' id='word_1_75' title='bbox 1348 1198 1610 1264; x_wconf 85' lang='lat' dir='ltr'>duceret</span> <span class='ocrx_word' id='word_1_76' title='bbox 1653 1198 1915 1264; x_wconf 81' lang='lat' dir='ltr'>Hector.</span> 
     </span>
    </p>

    <p class='ocr_par' dir='ltr' id='par_1_10' title="bbox 202 1287 2342 1551">
     <span class='ocr_line' id='line_1_13' title="bbox 203 1287 2208 1373; baseline 0.001 -21"><span class='ocrx_word' id='word_1_77' title='bbox 203 1288 389 1353; x_wconf 89' lang='lat' dir='ltr'>Adde</span> <span class='ocrx_word' id='word_1_78' title='bbox 439 1287 614 1372; x_wconf 91' lang='lat' dir='ltr'>quod</span> <span class='ocrx_word' id='word_1_79' title='bbox 659 1288 767 1352; x_wconf 98' lang='grc'><strong>1119</strong></span> <span class='ocrx_word' id='word_1_80' title='bbox 812 1308 1055 1353; x_wconf 86' lang='grc'><strong>11999118</strong></span> <span class='ocrx_word' id='word_1_81' title='bbox 1104 1307 1463 1372; x_wconf 87' lang='lat' dir='ltr'>saeuosque</span> <span class='ocrx_word' id='word_1_82' title='bbox 1511 1288 1847 1370; x_wconf 83' lang='lat' dir='ltr'>amplexus</span> <span class='ocrx_word' id='word_1_83' title='bbox 1891 1288 2208 1373; x_wconf 87' lang='lat' dir='ltr'>Achiuos,</span> 
     </span>
     <span class='ocr_line' id='line_1_14' title="bbox 202 1376 2342 1462; baseline 0.001 -22"><span class='ocrx_word' id='word_1_84' title='bbox 202 1376 397 1441; x_wconf 91' lang='lat' dir='ltr'>Hunc</span> <span class='ocrx_word' id='word_1_85' title='bbox 442 1376 620 1441; x_wconf 91' lang='lat' dir='ltr'>mitis</span> <span class='ocrx_word' id='word_1_86' title='bbox 668 1376 1081 1442; x_wconf 78' lang='lat' dir='ltr'>commendat</span> <span class='ocrx_word' id='word_1_87' title='bbox 1123 1398 1339 1462; x_wconf 88' lang='lat' dir='ltr'>eques.</span> <span class='ocrx_word' id='word_1_88' title='bbox 1429 1377 1615 1441; x_wconf 88' lang='lat' dir='ltr'>iuuat</span> <span class='ocrx_word' id='word_1_89' title='bbox 1659 1398 1776 1441; x_wconf 88' lang='lat' dir='ltr'>ora</span> <span class='ocrx_word' id='word_1_90' title='bbox 1817 1377 1988 1442; x_wconf 90' lang='lat' dir='ltr'>tueri</span> <span class='ocrx_word' id='word_1_91' title='bbox 2275 1393 2342 1442; x_wconf 82' lang='lat'>15</span> 
     </span>
     <span class='ocr_line' id='line_1_15' title="bbox 202 1465 1943 1551; baseline 0.001 -22"><span class='ocrx_word' id='word_1_92' title='bbox 202 1465 410 1530; x_wconf 85' lang='lat' dir='ltr'>Mixta</span> <span class='ocrx_word' id='word_1_93' title='bbox 454 1466 630 1531; x_wconf 89' lang='lat' dir='ltr'>notis</span> <span class='ocrx_word' id='word_1_94' title='bbox 676 1465 830 1531; x_wconf 92' lang='lat' dir='ltr'>belli</span> <span class='ocrx_word' id='word_1_95' title='bbox 873 1465 1322 1551; x_wconf 80' lang='lat' dir='ltr'>placidamque</span> <span class='ocrx_word' id='word_1_96' title='bbox 1368 1466 1658 1549; x_wconf 84' lang='lat' dir='ltr'>gerentia</span> <span class='ocrx_word' id='word_1_97' title='bbox 1701 1485 1943 1549; x_wconf 86' lang='lat' dir='ltr'>pacem.</span> 
     </span>
    </p>

    <p class='ocr_par' dir='ltr' id='par_1_11' title="bbox 200 1552 1914 1639">
     <span class='ocr_line' id='line_1_16' title="bbox 200 1552 1914 1639; baseline 0.001 -21"><span class='ocrx_word' id='word_1_98' title='bbox 200 1552 338 1619; x_wconf 88' lang='lat' dir='ltr'>Nec</span> <span class='ocrx_word' id='word_1_99' title='bbox 386 1554 558 1619; x_wconf 90' lang='lat' dir='ltr'>ueris</span> <span class='ocrx_word' id='word_1_100' title='bbox 605 1554 854 1619; x_wconf 89' lang='lat' dir='ltr'>maiora</span> <span class='ocrx_word' id='word_1_101' title='bbox 897 1558 1115 1638; x_wconf 89' lang='lat' dir='ltr'>putes.</span> <span class='ocrx_word' id='word_1_102' title='bbox 1161 1576 1283 1639; x_wconf 88' lang='lat' dir='ltr'>par</span> <span class='ocrx_word' id='word_1_103' title='bbox 1324 1554 1538 1619; x_wconf 88' lang='lat' dir='ltr'>forma</span> <span class='ocrx_word' id='word_1_104' title='bbox 1582 1555 1914 1639; x_wconf 86' lang='lat' dir='ltr'>decorque,</span> 
     </span>
    </p>

    <p class='ocr_par' dir='ltr' id='par_1_12' title="bbox 197 1642 2006 1817">
     <span class='ocr_line' id='line_1_17' title="bbox 197 1642 2006 1709; baseline 0 -2"><span class='ocrx_word' id='word_1_105' title='bbox 197 1642 326 1707; x_wconf 89' lang='lat' dir='ltr'>Par</span> <span class='ocrx_word' id='word_1_106' title='bbox 370 1642 598 1709; x_wconf 88' lang='lat' dir='ltr'>honor.</span> <span class='ocrx_word' id='word_1_107' title='bbox 689 1665 767 1707; x_wconf 86' lang='lat' dir='ltr'>ex</span> <span class='ocrx_word' id='word_1_108' title='bbox 811 1643 1017 1707; x_wconf 89' lang='lat' dir='ltr'>uastis</span> <span class='ocrx_word' id='word_1_109' title='bbox 1062 1642 1342 1707; x_wconf 84' lang='lat' dir='ltr'>Martem</span> <span class='ocrx_word' id='word_1_110' title='bbox 1387 1664 1524 1708; x_wconf 91' lang='lat' dir='ltr'>non</span> <span class='ocrx_word' id='word_1_111' title='bbox 1568 1643 1762 1708; x_wconf 88' lang='lat' dir='ltr'>altius</span> <span class='ocrx_word' id='word_1_112' title='bbox 1809 1644 2006 1707; x_wconf 89' lang='lat' dir='ltr'>armis</span> 
     </span>
     <span class='ocr_line' id='line_1_18' title="bbox 197 1730 1862 1817; baseline 0.001 -22"><span class='ocrx_word' id='word_1_113' title='bbox 197 1730 536 1797; x_wconf 91' lang='lat' dir='ltr'>Bistonius</span> <span class='ocrx_word' id='word_1_114' title='bbox 582 1735 803 1816; x_wconf 88' lang='lat' dir='ltr'>portat</span> <span class='ocrx_word' id='word_1_115' title='bbox 849 1732 1109 1815; x_wconf 91' lang='lat' dir='ltr'>sonipes</span> <span class='ocrx_word' id='word_1_116' title='bbox 1154 1752 1522 1817; x_wconf 83' lang='lat' dir='ltr'>magnoque</span> <span class='ocrx_word' id='word_1_117' title='bbox 1570 1732 1862 1816; x_wconf 86' lang='lat' dir='ltr'>superbit</span> 
     </span>
    </p>

    <p class='ocr_par' dir='ltr' id='par_1_13' title="bbox 198 1819 2339 1995">
     <span class='ocr_line' id='line_1_19' title="bbox 198 1819 2339 1904; baseline 0.001 -20"><span class='ocrx_word' id='word_1_118' title='bbox 198 1819 494 1886; x_wconf 90' lang='lat' dir='ltr'>Pondere</span> <span class='ocrx_word' id='word_1_119' title='bbox 538 1842 660 1885; x_wconf 92' lang='lat' dir='ltr'>nec</span> <span class='ocrx_word' id='word_1_120' title='bbox 703 1820 891 1885; x_wconf 89' lang='lat' dir='ltr'>tardo</span> <span class='ocrx_word' id='word_1_121' title='bbox 937 1824 1162 1904; x_wconf 88' lang='lat' dir='ltr'>raptus</span> <span class='ocrx_word' id='word_1_122' title='bbox 1208 1842 1412 1904; x_wconf 87' lang='lat' dir='ltr'>prope</span> <span class='ocrx_word' id='word_1_123' title='bbox 1454 1821 1725 1885; x_wconf 90' lang='lat' dir='ltr'>flumina</span> <span class='ocrx_word' id='word_1_124' title='bbox 1759 1842 1948 1886; x_wconf 89' lang='lat' dir='ltr'>cursu</span> <span class='ocrx_word' id='word_1_125' title='bbox 2271 1839 2339 1887; x_wconf 81' lang='lat'>20</span> 
     </span>
     <span class='ocr_line' id='line_1_20' title="bbox 199 1907 1816 1995; baseline 0 -22"><span class='ocrx_word' id='word_1_126' title='bbox 199 1907 438 1974; x_wconf 84' lang='lat' dir='ltr'>Fumat</span> <span class='ocrx_word' id='word_1_127' title='bbox 485 1912 551 1973; x_wconf 94' lang='lat' dir='ltr'>et</span> <span class='ocrx_word' id='word_1_128' title='bbox 594 1909 848 1995; x_wconf 85' lang='lat' dir='ltr'>ingenti</span> <span class='ocrx_word' id='word_1_129' title='bbox 891 1910 1195 1993; x_wconf 88' lang='lat' dir='ltr'>propellit</span> <span class='ocrx_word' id='word_1_130' title='bbox 1241 1908 1595 1994; x_wconf 82' lang='lat' dir='ltr'>Strymona</span> <span class='ocrx_word' id='word_1_131' title='bbox 1639 1909 1816 1973; x_wconf 83' lang='lat' dir='ltr'>flatu.</span> 
     </span>
    </p>

    <p class='ocr_par' dir='ltr' id='par_1_14' title="bbox 200 1996 1841 2082">
     <span class='ocr_line' id='line_1_21' title="bbox 200 1996 1841 2082; baseline 0.001 -21"><span class='ocrx_word' id='word_1_132' title='bbox 200 1996 326 2062; x_wconf 88' lang='lat' dir='ltr'>Par</span> <span class='ocrx_word' id='word_1_133' title='bbox 374 1999 555 2081; x_wconf 90' lang='lat' dir='ltr'>operi</span> <span class='ocrx_word' id='word_1_134' title='bbox 600 1999 801 2064; x_wconf 90' lang='lat' dir='ltr'>sedes.</span> <span class='ocrx_word' id='word_1_135' title='bbox 890 1997 1041 2062; x_wconf 89' lang='lat' dir='ltr'>hinc</span> <span class='ocrx_word' id='word_1_136' title='bbox 1087 1999 1285 2063; x_wconf 91' lang='lat' dir='ltr'>obuia</span> <span class='ocrx_word' id='word_1_137' title='bbox 1329 1999 1556 2063; x_wconf 89' lang='lat' dir='ltr'>limina</span> <span class='ocrx_word' id='word_1_138' title='bbox 1596 1998 1841 2082; x_wconf 86' lang='lat' dir='ltr'>pandit,</span> 
     </span>
    </p>

    <p class='ocr_par' dir='ltr' id='par_1_15' title="bbox 203 2085 1716 2172">
     <span class='ocr_line' id='line_1_22' title="bbox 203 2085 1716 2172; baseline 0.001 -22"><span class='ocrx_word' id='word_1_139' title='bbox 203 2085 326 2162; x_wconf 85' lang='lat' dir='ltr'>Qui</span> <span class='ocrx_word' id='word_1_140' title='bbox 370 2086 587 2152; x_wconf 88' lang='lat' dir='ltr'>fessus</span> <span class='ocrx_word' id='word_1_141' title='bbox 632 2087 823 2152; x_wconf 91' lang='lat' dir='ltr'>bellis</span> <span class='ocrx_word' id='word_1_142' title='bbox 871 2085 1152 2151; x_wconf 89' lang='lat' dir='ltr'>adscitae</span> <span class='ocrx_word' id='word_1_143' title='bbox 1199 2109 1467 2152; x_wconf 90' lang='lat' dir='ltr'>munere</span> <span class='ocrx_word' id='word_1_144' title='bbox 1505 2087 1716 2172; x_wconf 83' lang='lat' dir='ltr'>prolis</span> 
     </span>
    </p>

    <p class='ocr_par' dir='ltr' id='par_1_16' title="bbox 199 2173 1902 2242">
     <span class='ocr_line' id='line_1_23' title="bbox 199 2173 1902 2242; baseline 0.001 -3"><span class='ocrx_word' id='word_1_145' title='bbox 199 2173 457 2240; x_wconf 92' lang='lat' dir='ltr'>Primus</span> <span class='ocrx_word' id='word_1_146' title='bbox 501 2176 628 2239; x_wconf 92' lang='lat' dir='ltr'>iter</span> <span class='ocrx_word' id='word_1_147' title='bbox 670 2175 916 2240; x_wconf 86' lang='lat' dir='ltr'>nostris</span> <span class='ocrx_word' id='word_1_148' title='bbox 964 2175 1249 2240; x_wconf 81' lang='lat' dir='ltr'>ostendit</span> <span class='ocrx_word' id='word_1_149' title='bbox 1292 2177 1364 2240; x_wconf 89' lang='lat' dir='ltr'>in</span> <span class='ocrx_word' id='word_1_150' title='bbox 1410 2176 1673 2241; x_wconf 89' lang='lat' dir='ltr'>aethera</span> <span class='ocrx_word' id='word_1_151' title='bbox 1720 2176 1902 2242; x_wconf 81' lang='lat' dir='ltr'>diuis.</span> 
     </span>
    </p>

    <p class='ocr_par' dir='ltr' id='par_1_17' title="bbox 197 2261 2339 2427">
     <span class='ocr_line' id='line_1_24' title="bbox 197 2261 2339 2349; baseline 0.001 -21"><span class='ocrx_word' id='word_1_152' title='bbox 197 2261 490 2329; x_wconf 90' lang='lat' dir='ltr'>Discitur</span> <span class='ocrx_word' id='word_1_153' title='bbox 534 2286 570 2329; x_wconf 93' lang='lat' dir='ltr'>e</span> <span class='ocrx_word' id='word_1_154' title='bbox 615 2266 820 2348; x_wconf 89' lang='lat' dir='ltr'>uultu,</span> <span class='ocrx_word' id='word_1_155' title='bbox 866 2268 1184 2348; x_wconf 89' lang='lat' dir='ltr'>quantum</span> <span class='ocrx_word' id='word_1_156' title='bbox 1229 2269 1304 2329; x_wconf 88' lang='lat' dir='ltr'>tu</span> <span class='ocrx_word' id='word_1_157' title='bbox 1348 2265 1571 2330; x_wconf 88' lang='lat' dir='ltr'>mitior</span> <span class='ocrx_word' id='word_1_158' title='bbox 1614 2265 1840 2349; x_wconf 88' lang='lat' dir='ltr'>armis,</span> <span class='ocrx_word' id='word_1_159' title='bbox 2049 2287 2059 2298; x_wconf 92' lang='grc'><strong>·</strong></span> <span class='ocrx_word' id='word_1_160' title='bbox 2272 2283 2339 2332; x_wconf 81' lang='lat'>25</span> 
     </span>
     <span class='ocr_line' id='line_1_25' title="bbox 202 2315 1795 2427; baseline 0.001 -11"><span class='ocrx_word' id='word_1_161' title='bbox 202 2350 323 2427; x_wconf 85' lang='lat' dir='ltr'>Qm·</span> <span class='ocrx_word' id='word_1_162' title='bbox 369 2374 490 2418; x_wconf 91' lang='lat' dir='ltr'>nec</span> <span class='ocrx_word' id='word_1_163' title='bbox 534 2354 606 2417; x_wconf 93' lang='lat' dir='ltr'>in</span> <span class='ocrx_word' id='word_1_164' title='bbox 650 2315 949 2418; x_wconf 63' lang='lat' dir='ltr'>externos</span> <span class='ocrx_word' id='word_1_165' title='bbox 994 2353 1205 2418; x_wconf 86' lang='lat' dir='ltr'>facilis</span> <span class='ocrx_word' id='word_1_166' title='bbox 1251 2355 1499 2419; x_wconf 89' lang='lat' dir='ltr'>saeuire</span> <span class='ocrx_word' id='word_1_167' title='bbox 1543 2354 1795 2420; x_wconf 80' lang='lat' dir='ltr'>furores</span> 
     </span>
    </p>

    <p class='ocr_par' dir='ltr' id='par_1_18' title="bbox 199 2439 1912 2532">
     <span class='ocr_line' id='line_1_26' title="bbox 199 2439 1912 2532; baseline 0.001 -26"><span class='ocrx_word' id='word_1_168' title='bbox 199 2439 331 2506; x_wconf 92' lang='lat' dir='ltr'>Das</span> <span class='ocrx_word' id='word_1_169' title='bbox 381 2439 591 2506; x_wconf 83' lang='lat' dir='ltr'>Cattis</span> <span class='ocrx_word' id='word_1_170' title='bbox 637 2440 961 2527; x_wconf 88' lang='lat' dir='ltr'>Dacisque</span> <span class='ocrx_word' id='word_1_171' title='bbox 1011 2442 1221 2507; x_wconf 90' lang='lat' dir='ltr'>fidem.</span> <span class='ocrx_word' id='word_1_172' title='bbox 1311 2446 1377 2507; x_wconf 92' lang='lat' dir='ltr'>te</span> <span class='ocrx_word' id='word_1_173' title='bbox 1433 2443 1623 2528; x_wconf 84' lang='lat' dir='ltr'>signa</span> <span class='ocrx_word' id='word_1_174' title='bbox 1666 2444 1912 2532; x_wconf 86' lang='lat' dir='ltr'>ferente</span> 
     </span>
    </p>

    <p class='ocr_par' dir='ltr' id='par_1_19' title="bbox 199 2529 1857 2617">
     <span class='ocr_line' id='line_1_27' title="bbox 199 2529 1857 2617; baseline 0.001 -23"><span class='ocrx_word' id='word_1_175' title='bbox 199 2529 287 2594; x_wconf 85' lang='lat' dir='ltr'>Et</span> <span class='ocrx_word' id='word_1_176' title='bbox 329 2530 546 2595; x_wconf 88' lang='lat' dir='ltr'>minor</span> <span class='ocrx_word' id='word_1_177' title='bbox 589 2532 660 2595; x_wconf 90' lang='lat' dir='ltr'>in</span> <span class='ocrx_word' id='word_1_178' title='bbox 703 2532 881 2616; x_wconf 87' lang='lat' dir='ltr'>leges</span> <span class='ocrx_word' id='word_1_179' title='bbox 927 2531 1053 2595; x_wconf 91' lang='lat' dir='ltr'>iret</span> <span class='ocrx_word' id='word_1_180' title='bbox 1095 2553 1296 2617; x_wconf 87' lang='lat' dir='ltr'>gener</span> <span class='ocrx_word' id='word_1_181' title='bbox 1340 2536 1407 2596; x_wconf 92' lang='lat' dir='ltr'>et</span> <span class='ocrx_word' id='word_1_182' title='bbox 1452 2530 1615 2597; x_wconf 83' lang='lat' dir='ltr'>Cato</span> <span class='ocrx_word' id='word_1_183' title='bbox 1661 2529 1857 2615; x_wconf 87' lang='lat' dir='ltr'>pacis.</span> 
     </span>
    </p>

    <p class='ocr_par' dir='ltr' id='par_1_20' title="bbox 199 2619 1849 2705">
     <span class='ocr_line' id='line_1_28' title="bbox 199 2619 1849 2705; baseline 0.001 -22"><span class='ocrx_word' id='word_1_184' title='bbox 199 2619 291 2683; x_wconf 89' lang='lat' dir='ltr'>At</span> <span class='ocrx_word' id='word_1_185' title='bbox 334 2620 617 2683; x_wconf 87' lang='lat' dir='ltr'>laterum</span> <span class='ocrx_word' id='word_1_186' title='bbox 660 2642 892 2704; x_wconf 90' lang='lat' dir='ltr'>passus</span> <span class='ocrx_word' id='word_1_187' title='bbox 939 2619 1092 2684; x_wconf 90' lang='lat' dir='ltr'>hinc</span> <span class='ocrx_word' id='word_1_188' title='bbox 1136 2619 1306 2685; x_wconf 90' lang='lat' dir='ltr'>Iulia</span> <span class='ocrx_word' id='word_1_189' title='bbox 1348 2625 1521 2685; x_wconf 87' lang='lat' dir='ltr'>tecta</span> <span class='ocrx_word' id='word_1_190' title='bbox 1565 2624 1849 2705; x_wconf 88' lang='lat' dir='ltr'>tuentur,</span> 
     </span>
    </p>

    <p class='ocr_par' dir='ltr' id='par_1_21' title="bbox 199 2706 2338 2882">
     <span class='ocr_line' id='line_1_29' title="bbox 199 2706 2338 2795; baseline 0.002 -24"><span class='ocrx_word' id='word_1_191' title='bbox 199 2706 387 2773; x_wconf 81' lang='lat' dir='ltr'>Illinc</span> <span class='ocrx_word' id='word_1_192' title='bbox 433 2708 727 2794; x_wconf 88' lang='lat' dir='ltr'>belligeri</span> <span class='ocrx_word' id='word_1_193' title='bbox 772 2709 1068 2774; x_wconf 90' lang='lat' dir='ltr'>sublimis</span> <span class='ocrx_word' id='word_1_194' title='bbox 1113 2710 1297 2795; x_wconf 87' lang='lat' dir='ltr'>regia</span> <span class='ocrx_word' id='word_1_195' title='bbox 1339 2709 1545 2775; x_wconf 83' lang='lat' dir='ltr'>Pauli.</span> <span class='ocrx_word' id='word_1_196' title='bbox 2268 2728 2338 2776; x_wconf 87' lang='lat'>30</span> 
     </span>
     <span class='ocr_line' id='line_1_30' title="bbox 200 2794 1937 2882; baseline 0.002 -22"><span class='ocrx_word' id='word_1_197' title='bbox 200 2794 413 2882; x_wconf 84' lang='lat' dir='ltr'>Terga</span> <span class='ocrx_word' id='word_1_198' title='bbox 457 2800 646 2881; x_wconf 88' lang='lat' dir='ltr'>pater</span> <span class='ocrx_word' id='word_1_199' title='bbox 688 2797 1058 2882; x_wconf 89' lang='lat' dir='ltr'>blandoque</span> <span class='ocrx_word' id='word_1_200' title='bbox 1102 2797 1282 2863; x_wconf 90' lang='lat' dir='ltr'>uidet</span> <span class='ocrx_word' id='word_1_201' title='bbox 1327 2796 1691 2863; x_wconf 83' lang='lat' dir='ltr'>Concordia</span> <span class='ocrx_word' id='word_1_202' title='bbox 1734 2799 1937 2864; x_wconf 89' lang='lat' dir='ltr'>uultu.</span> 
     </span>
    </p>

    <p class='ocr_par' dir='ltr' id='par_1_22' title="bbox 200 2883 1853 2972">
     <span class='ocr_line' id='line_1_31' title="bbox 200 2883 1853 2972; baseline 0.001 -22"><span class='ocrx_word' id='word_1_203' title='bbox 200 2883 344 2968; x_wconf 90' lang='lat' dir='ltr'>Ipse</span> <span class='ocrx_word' id='word_1_204' title='bbox 393 2888 612 2950; x_wconf 90' lang='lat' dir='ltr'>autem</span> <span class='ocrx_word' id='word_1_205' title='bbox 657 2909 821 2971; x_wconf 87' lang='lat' dir='ltr'>puro</span> <span class='ocrx_word' id='word_1_206' title='bbox 869 2887 1110 2952; x_wconf 86' lang='lat' dir='ltr'>celsum</span> <span class='ocrx_word' id='word_1_207' title='bbox 1156 2890 1355 2971; x_wconf 89' lang='lat' dir='ltr'>caput</span> <span class='ocrx_word' id='word_1_208' title='bbox 1399 2909 1544 2953; x_wconf 88' lang='lat' dir='ltr'>aere</span> <span class='ocrx_word' id='word_1_209' title='bbox 1593 2889 1853 2972; x_wconf 91' lang='lat' dir='ltr'>saeptus</span> 
     </span>
    </p>
   </div>
   <div class='ocr_carea' id='block_1_3' title="bbox 217 3045 624 3055">
    <p class='ocr_par' dir='ltr' id='par_1_23' title="bbox 217 3045 624 3055">
     <span class='ocr_line' id='line_1_32' title="bbox 217 3045 624 3055; baseline 0 854"><span class='ocrx_word' id='word_1_210' title='bbox 217 3045 624 3055; x_wconf 95' lang='lat' dir='ltr'> </span> 
     </span>
    </p>
   </div>
   <div class='ocr_carea' id='block_1_4' title="bbox 201 3147 2346 3363">
    <p class='ocr_par' dir='ltr' id='par_1_24' title="bbox 201 3147 2341 3363">
     <span class='ocr_line' id='line_1_33' title="bbox 337 3147 2338 3221; baseline 0.001 -18"><span class='ocrx_word' id='word_1_211' title='bbox 337 3155 408 3203; x_wconf 84' lang='lat'>10</span> <span class='ocrx_word' id='word_1_212' title='bbox 458 3148 558 3202; x_wconf 89' lang='lat' dir='ltr'>Ide</span> <span class='ocrx_word' id='word_1_213' title='bbox 603 3153 674 3202; x_wconf 82' lang='lat' dir='ltr'>A:</span> <span class='ocrx_word' id='word_1_214' title='bbox 719 3147 851 3202; x_wconf 84' lang='lat' dir='ltr'>iden</span> <span class='ocrx_word' id='word_1_215' title='bbox 899 3153 935 3200; x_wconf 79' lang='lat' dir='ltr'>c</span> <span class='ocrx_word' id='word_1_216' title='bbox 970 3150 992 3219; x_wconf 70' lang='grc' dir='ltr'>ΙΙ</span> <span class='ocrx_word' id='word_1_217' title='bbox 1028 3154 1092 3203; x_wconf 91' lang='grc'>11</span> <span class='ocrx_word' id='word_1_218' title='bbox 1134 3149 1402 3205; x_wconf 84' lang='lat' dir='ltr'>discussis</span> <span class='ocrx_word' id='word_1_219' title='bbox 1441 3155 1477 3206; x_wconf 85' lang='grc' dir='ltr'><strong>ς</strong></span> <span class='ocrx_word' id='word_1_220' title='bbox 1505 3153 1525 3221; x_wconf 77' lang='grc' dir='ltr'>ΙΙ</span> <span class='ocrx_word' id='word_1_221' title='bbox 1554 3158 1622 3206; x_wconf 89' lang='grc'>18</span> <span class='ocrx_word' id='word_1_222' title='bbox 1660 3165 1729 3205; x_wconf 87' lang='lat' dir='ltr'>ex</span> <span class='ocrx_word' id='word_1_223' title='bbox 1763 3150 1941 3206; x_wconf 83' lang='lat' dir='ltr'>uastis</span> <span class='ocrx_word' id='word_1_224' title='bbox 1976 3151 2204 3221; x_wconf 76' lang='lat' dir='ltr'>scripsi.-</span> <span class='ocrx_word' id='word_1_225' title='bbox 2244 3167 2338 3207; x_wconf 86' lang='lat' dir='ltr'>ex-</span> 
     </span>
     <span class='ocr_line' id='line_1_34' title="bbox 202 3217 2337 3292; baseline 0.003 -21"><span class='ocrx_word' id='word_1_226' title='bbox 202 3217 414 3274; x_wconf 80' lang='lat' dir='ltr'>haustis</span> <span class='ocrx_word' id='word_1_227' title='bbox 460 3224 496 3271; x_wconf 77' lang='lat' dir='ltr'>c</span> <span class='ocrx_word' id='word_1_228' title='bbox 523 3238 558 3272; x_wconf 74' lang='lat' dir='ltr'>a</span> <span class='ocrx_word' id='word_1_229' title='bbox 602 3219 783 3275; x_wconf 83' lang='lat' dir='ltr'>exutis</span> <span class='ocrx_word' id='word_1_230' title='bbox 828 3219 1100 3275; x_wconf 75' lang='lat' dir='ltr'>Heinsius</span> <span class='ocrx_word' id='word_1_231' title='bbox 1133 3222 1154 3290; x_wconf 78' lang='grc' dir='ltr'>ΙΙ</span> <span class='ocrx_word' id='word_1_232' title='bbox 1194 3227 1265 3276; x_wconf 80' lang='lat'>20</span> <span class='ocrx_word' id='word_1_233' title='bbox 1309 3237 1417 3276; x_wconf 87' lang='lat' dir='ltr'>nee</span> <span class='ocrx_word' id='word_1_234' title='bbox 1460 3224 1623 3277; x_wconf 86' lang='lat' dir='ltr'>tanto</span> <span class='ocrx_word' id='word_1_235' title='bbox 1663 3239 1767 3292; x_wconf 81' lang='lat' dir='ltr'>rap</span> <span class='ocrx_word' id='word_1_236' title='bbox 1766 3225 1860 3277; x_wconf 86' lang='lat' dir='ltr'>tus</span> <span class='ocrx_word' id='word_1_237' title='bbox 1895 3221 2197 3277; x_wconf 71' lang='lat' dir='ltr'>Geuartius</span> <span class='ocrx_word' id='word_1_238' title='bbox 2221 3225 2243 3292; x_wconf 75' lang='lat' dir='ltr'>n</span> <span class='ocrx_word' id='word_1_239' title='bbox 2268 3229 2337 3277; x_wconf 81' lang='lat'>23</span> 
     </span>
     <span class='ocr_line' id='line_1_35' title="bbox 201 3240 2346 3363; baseline 0.002 -19"><span class='ocrx_word' id='word_1_240' title='bbox 201 3290 447 3345; x_wconf 82' lang='lat' dir='ltr'>adscitae</span> <span class='ocrx_word' id='word_1_241' title='bbox 486 3295 548 3345; x_wconf 80' lang='grc' dir='ltr'>ς.</span> <span class='ocrx_word' id='word_1_242' title='bbox 586 3291 849 3345; x_wconf 81' lang='lat' dir='ltr'>adsectae</span> <span class='ocrx_word' id='word_1_243' title='bbox 887 3292 994 3360; x_wconf 75' lang='lat' dir='ltr'>(ita</span> <span class='ocrx_word' id='word_1_244' title='bbox 1029 3292 1083 3358; x_wconf 74' lang='lat' dir='ltr'>a)</span> <span class='ocrx_word' id='word_1_245' title='bbox 1118 3293 1209 3346; x_wconf 76' lang='lat' dir='ltr'>uel</span> <span class='ocrx_word' id='word_1_246' title='bbox 1242 3292 1504 3349; x_wconf 85' lang='lat' dir='ltr'>adsertae</span> <span class='ocrx_word' id='word_1_247' title='bbox 1542 3299 1577 3345; x_wconf 85' lang='lat' dir='ltr'>c</span> <span class='ocrx_word' id='word_1_248' title='bbox 1612 3296 1633 3363; x_wconf 67' lang='grc' dir='ltr'><strong><em>Β</em></strong></span> <span class='ocrx_word' id='word_1_249' title='bbox 1660 3299 1729 3348; x_wconf 78' lang='lat'>25</span> <span class='ocrx_word' id='word_1_250' title='bbox 1728 3240 2016 3348; x_wconf 72' lang='lat' dir='ltr'>PDiscitm*</span> <span class='ocrx_word' id='word_1_251' title='bbox 2050 3298 2122 3346; x_wconf 96' lang='lat' dir='ltr'>A</span> <span class='ocrx_word' id='word_1_252' title='bbox 2158 3289 2346 3348; x_wconf 80' lang='lat' dir='ltr'>Discit</span> 
     </span>
    </p>
   </div>
   <div class='ocr_carea' id='block_1_5' title="bbox 203 3361 2341 3489">
    <p class='ocr_par' dir='ltr' id='par_1_25' title="bbox 203 3361 2341 3489">
     <span class='ocr_line' id='line_1_36' title="bbox 203 3361 2341 3433; baseline 0.001 -19"><span class='ocrx_word' id='word_1_253' title='bbox 203 3363 258 3415; x_wconf 88' lang='lat' dir='ltr'>et</span> <span class='ocrx_word' id='word_1_254' title='bbox 290 3363 470 3431; x_wconf 69' lang='lat'>082⁷</span> <span class='ocrx_word' id='word_1_255' title='bbox 511 3361 692 3416; x_wconf 87' lang='lat' dir='ltr'>Cattis</span> <span class='ocrx_word' id='word_1_256' title='bbox 730 3365 794 3416; x_wconf 81' lang='grc' dir='ltr'>ς.</span> <span class='ocrx_word' id='word_1_257' title='bbox 832 3361 1014 3431; x_wconf 87' lang='lat' dir='ltr'>captis</span> <span class='ocrx_word' id='word_1_258' title='bbox 1050 3366 1281 3432; x_wconf 73' lang='lat' dir='ltr'>⁰⁸ll28</span> <span class='ocrx_word' id='word_1_259' title='bbox 1318 3363 1472 3433; x_wconf 88' lang='lat' dir='ltr'>pacis</span> <span class='ocrx_word' id='word_1_260' title='bbox 1507 3366 1779 3433; x_wconf 76' lang='lat' dir='ltr'>scripsil.</span> <span class='ocrx_word' id='word_1_261' title='bbox 1810 3366 1928 3431; x_wconf 62' lang='grc' dir='ltr'>ζμ</span> <span class='ocrx_word' id='word_1_262' title='bbox 1957 3368 2107 3419; x_wconf 80' lang='lat'><em>252:</em></span> <span class='ocrx_word' id='word_1_263' title='bbox 2145 3362 2341 3417; x_wconf 82' lang='lat' dir='ltr'>eastris</span> 
     </span>
     <span class='ocr_line' id='line_1_37' title="bbox 204 3433 1362 3489; baseline 0.005 -6"><span class='ocrx_word' id='word_1_264' title='bbox 204 3437 237 3483; x_wconf 77' lang='lat'><strong>0</strong></span> <span class='ocrx_word' id='word_1_265' title='bbox 253 3450 285 3486; x_wconf 79' lang='lat' dir='ltr'>a</span> <span class='ocrx_word' id='word_1_266' title='bbox 316 3433 499 3488; x_wconf 85' lang='lat' dir='ltr'>iustas</span> <span class='ocrx_word' id='word_1_267' title='bbox 536 3434 799 3489; x_wconf 68' lang='lat' dir='ltr'>Crucem</span> <span class='ocrx_word' id='word_1_268' title='bbox 812 3436 1001 3488; x_wconf 87' lang='lat' dir='ltr'>castus</span> <span class='ocrx_word' id='word_1_269' title='bbox 1036 3433 1362 3489; x_wconf 77' lang='lat' dir='ltr'>Bursianus</span> 
     </span>
    </p>
   </div>
  </div>
 </body>
</html>
