2517 3909
858 154 1255 206 rmmos
1293 155 1443 204 mn.
1476 155 1617 204 xm
1664 123 1701 140 ”
2023 188 2027 192 .
2066 109 2223 203 Ῐ265

228 313 363 376 Hoc
401 330 605 391 soror,
645 319 742 373 aut
783 328 998 373 saevos
1030 311 1254 374 mediae
1288 312 1589 373 veniemus
1627 310 1683 370 in
1724 311 1939 388 ignes?

362 399 478 458 Vix
518 416 621 473 ea,
660 415 832 477 quum
874 395 1096 457 subitus
1137 414 1376 475 campos
1414 406 1635 457 tremor
1679 394 1911 475 altaque
1953 405 2110 457 tecta

231 482 477 564 Inpulit,
523 483 853 560 adiuvitque
889 482 1020 559 rogi
1057 482 1348 542 discordis
1378 482 1565 542 hiatus

233 568 314 631 Et
353 568 590 645 vigilum
629 566 858 627 turbata
893 568 1091 645 quies,
1137 564 1346 646 quibus
1389 568 1519 645 ipse
1557 565 1837 627 malorum
1959 624 1964 630 .
2222 630 2227 633 ,

232 651 520 731 Fingebat
552 650 858 712 simulacra
901 668 1113 729 sopor;
1150 652 1273 731 ‚ruit
1313 651 1506 727 ilicet,
1551 667 1775 710 omnem
2119 659 2225 716 450

193 800 197 802 ,
233 737 616 817 Prospectum
658 735 908 797 lustrans
951 745 1162 796 armata
1202 735 1472 813 indagine
1515 734 1704 795 miles.

233 821 380 885 Illos
423 823 699 883 instantes
743 820 941 880 senior
982 822 1143 881 timet
1180 838 1355 888 unus3
1401 830 1460 881 at
1500 822 1664 898 ipsae

229 907 388 968 Ante
428 924 669 985 rogum,
714 906 990 983 saevique
1025 904 1215 983 palam
1260 907 1562 984 sprevisse
1608 903 1878 965 Creontis

230 991 483 1071 Imperia
521 1000 580 1052 et
620 991 829 1051 furtum
871 990 1034 1050 claro
1078 989 1364 1067 plangore
1407 990 1656 1051 fatentur
2198 1062 2207 1068 1

235 1078 533 1158 Securae,
574 1075 793 1154 quippe
832 1091 1002 1134 omne
1040 1074 1237 1135 vident
1276 1074 1515 1134 fluxisse
1558 1074 1826 1134 cadaver.
2121 1068 2227 1136 45⁵

234 1160 563 1238 Ambigitur
599 1177 780 1221 saeva
820 1159 896 1219 de
938 1167 1156 1234 morte,
1203 1160 1578 1238 animosaque
1623 1159 1726 1219 leti

235 1247 391 1325 Spes
435 1245 601 1313 turin
643 1244 794 1307 haec
832 1244 1030 1305 fratris
1073 1245 1377 1323 rapuisse,
1415 1243 1564 1304 baec
1611 1243 1874 1321 coniugis
1919 1249 2076 1303 artus

235 1328 604 1392 Contendunt
644 1328 988 1407 vicibusque
1029 1327 1298 1408 probant.
1359 1327 1525 1407 ‘Ego
1573 1346 1824 1408 corpus,
1871 1344 1987 1404 ego
2030 1328 2223 1404 ignes,

232 1413 330 1475 Me
376 1415 593 1494 pietas,
631 1431 724 1472 me
770 1412 932 1474 duxit
969 1431 1160 1479 amor:
1207 1415 1541 1492 deposcere
1580 1429 1758 1473 saeva

233 1499 536 1580 Supplicia
580 1507 641 1559 et
682 1498 917 1559 dextras
958 1499 1113 1559 iuvat
1148 1499 1434 1558 insertare
1472 1499 1710 1559 catenis.
2122 1505 2229 1561 460

230 1583 528 1664 Nusquam
566 1582 667 1644 illa
709 1583 946 1647 alternis
988 1583 1163 1643 modo
1204 1600 1354 1662 quae
1395 1584 1725 1643 reverentia
1765 1582 1986 1660 verbis,

234 1667 387 1731 Iram
431 1668 737 1747 odiumque
781 1677 982 1748 putes:
1017 1676 1207 1728 tantus
1247 1666 1545 1727 discordat
1584 1669 1869 1745 utrimque

235 1750 492 1830 Clamor,
535 1761 596 1813 et
636 1752 708 1813 ad
746 1771 984 1830 regem,
1028 1752 1125 1831 qui
1167 1751 1557 1829 deprendere,
1602 1751 1918 1811 trahuntur.

361 1836 442 1898 At
483 1837 690 1916 procul
733 1837 970 1898 Actaeis
1011 1836 1217 1898 dextra
1252 1836 1364 1895 iam
1402 1835 1643 1896 Pallade
1679 1837 1858 1896 muris

231 1921 380 1985 Iuno
423 1922 762 1984 Phoroneas
804 1921 1021 1982 inducit
1059 1921 1298 2001 praevia
1337 1929 1552 1981 matres
2123 1929 2227 1985 465

230 2007 563 2084 Attonitas,
600 2024 717 2068 non
755 2008 884 2086 ipsa
924 2007 1108 2066 minus
1127 2051 1146 2080 ,
1192 2014 1539 2083 coetumque
1575 2014 1904 2083 gementem

236 2089 528 2153 Conciliat
571 2091 805 2172 populis
851 2099 911 2152 et
952 2089 1225 2152 flentibus
1271 2090 1428 2150 addit
1470 2090 1769 2152 honorem.

233 2175 374 2253 Ipsa
416 2195 583 2237 manu
624 2194 934 2255 ramosque
975 2174 1181 2250 oleae,
1215 2176 1509 2254 vittasque
1545 2183 1858 2254 precantes

236 2261 467 2337 Tradit,
515 2269 575 2321 et
617 2259 853 2322 obtenta
895 2260 1235 2322 submittere
1279 2259 1487 2320 lumina
1531 2259 1686 2339 palla

233 2344 315 2407 Et
353 2345 656 2425 praeferre
698 2345 874 2406 docet
913 2363 1130 2406 vacuas
1172 2345 1298 2404 sine
1340 2343 1607 2405 manibus
1642 2363 1837 2405 urnas.
2127 2353 2232 2409 470

238 2429 436 2490 Omnis
481 2439 541 2491 et
578 2431 820 2493 Actaeis
863 2430 1047 2491 effusa
1090 2429 1401 2509 penatibus
1436 2437 1600 2490 aetas

238 2515 420 2576 Tecta
462 2517 705 2594 viasque
739 2515 999 2594 replent;
1043 2514 1195 2575 unde
1234 2514 1350 2574 hoc
1393 2510 1677 2575 examen?
1716 2523 1776 2574 et
1813 2531 1925 2575 una

233 2599 352 2661 Tot
392 2596 683 2660 miserae?
727 2600 972 2660 necdum
1018 2615 1225 2659 causas
1261 2616 1483 2658 novere
1521 2598 1823 2675 malorum,

230 2683 472 2763 Iamque
512 2693 764 2761 gemunt.
848 2684 977 2744 Dea
1020 2683 1286 2746 conciliis
1328 2701 1394 2744 se
1428 2685 1634 2743 miscet
1675 2684 1933 2762 utrisque

243 2765 465 2829 Cuncta
509 2770 764 2844 docens,
806 2787 917 2848 qna
960 2777 1140 2846 gente
1171 2775 1357 2843 satae,
1397 2785 1548 2847 quae
1575 2767 1781 2830 funera
1810 2768 2085 2848 plangant
2125 2774 2229 2830 4⁷5

240 2851 470 2927 Quidve
514 2861 740 2932 petant;
786 2854 963 2914 variis
997 2870 1109 2913 nec
1144 2868 1260 2912 non
1303 2851 1571 2912 affatibus
1613 2853 1780 2932 ipsae

238 2936 502 3015 Ogygias
546 2936 718 3015 leges
756 2938 1287 3016 inmansuetumque
1331 2934 1585 2998 Creonta

235 3021 475 3083 Multum
521 3031 581 3083 et
620 3022 836 3101 ubique
875 3022 1141 3083 fremunt.
1230 3018 1472 3083 Geticae
1513 3039 1626 3083 nou
1671 3022 1838 3101 plura
1876 3029 2188 3101 queruntur

235 3105 578 3186 Hospitibus
618 3109 789 3168 tectis
828 3116 1030 3168 trunco
1076 3122 1347 3167 sermone
1384 3106 1680 3185 volucres,

238 3190 427 3266 Quum
472 3191 736 3271 duplices
773 3190 1056 3253 thalamos
1100 3200 1161 3252 et
1199 3191 1453 3271 iniquum
1495 3189 1687 3253 Terea
1730 3190 1996 3252 clamant.
2124 3198 2230 3255 480

355 3274 518 3337 Urbe
560 3277 667 3341 fuit
704 3276 893 3339 media
933 3276 1074 3338 nulli
1112 3292 1399 3337 concessa
1442 3284 1740 3356 potentum

233 3359 357 3423 Ara
401 3360 603 3438 deum,
647 3362 798 3423 mitis
832 3362 1026 3442 posuit
1068 3360 1390 3424 Clementia
1427 3361 1651 3436 sedem,

235 3443 314 3507 Et
354 3445 551 3507 miseri
593 3446 795 3509 fecere
831 3464 1087 3516 sacram
1137 3447 1265 3508 sine
1301 3446 1572 3528 supplice
1608 3461 1914 3525 numquam
