2517 3909
269 189 357 253 46
978 189 1041 243 P.
1077 187 1358 244 PAPINH
1396 187 1648 244 STATII

269 335 559 403 Ultores:
608 334 752 419 quis
800 334 974 399 enim
1020 333 1292 399 inlicitis
1340 334 1629 419 genialia
1672 334 1894 418 rumpi

160 433 240 473 ³⁵5
269 425 476 490 Pacta
521 424 689 490 dolis
735 423 1043 508 facilique
1088 422 1268 488 trahi
1313 423 1590 487 conubia
1634 425 1832 505 raptu
2316 489 2322 492 Δ

270 512 404 579 Ceu
449 535 642 598 pecus
691 516 1136 577 armentumve
1183 514 1297 576 aut
1342 511 1504 576 viles
1554 512 1786 576 messis
1836 532 2104 576 acervos
2247 527 2319 577 ’10

267 603 604 668 Ρε1181111ἳ
650 601 811 667 haec
859 601 1060 666 etiam
1104 599 1307 666 fortes
1353 600 1604 666 iactura
1648 603 1954 665 moveret.

267 692 419 758 Non
462 692 618 756 tulit
661 690 931 755 insidias
978 689 1199 755 divum
1244 689 1635 774 imperiosus
1681 690 1962 774 Agenor,

269 780 692 866 Mugitusque
739 800 956 845 sacros
1003 783 1071 843 et
1113 798 1354 863 magno
1398 778 1665 844 numine
1709 780 1962 843 vectam

160 879 243 919 ³⁶0
272 869 569 946 Quaesiit
612 869 922 952 Europen
970 873 1482 952 aspernatusque
1530 866 1898 932 Tonantem
1944 870 2046 932 est

268 959 364 1024 Ut
392 980 721 1045 generum.
792 957 1077 1042 Raptam
1126 960 1191 1022 et
1221 955 1530 1041 Scythico
1581 957 1658 1021 de
1706 955 1899 1021 litore
1945 955 2196 1040 prolem
2247 970 2316 1021 '75
2372 957 2379 961 ’

266 1047 420 1113 Non
467 1047 626 1112 tulit
667 1045 907 1111 Aeetes
918 1097 944 1129 r
980 1046 1281 1129 ferroque
1329 1050 1396 1110 et
1441 1046 1647 1110 classe
1688 1048 1954 1130 ‘secutus

269 1134 605 1201 Semideos
654 1155 839 1220 reges
887 1138 954 1200 et
997 1136 1241 1200 ituram
1287 1135 1357 1198 in
1405 1134 1619 1200 sidera
1663 1134 1952 1219 puppim.

263 1225 404 1293 Nos
450 1224 715 1310 Phryga
760 1224 1136 1289 semivirum
1181 1227 1409 1308 portus
1457 1226 1522 1287 et
1566 1224 1763 1289 litora
1809 1222 2050 1288 circum

160 1323 240 1364 3⁶⁵
270 1314 583 1400 Argolica
627 1315 877 1378 incesta
920 1313 1308 1378 volitantem
1353 1334 1570 1396 puppe
1614 1312 1942 1377 feremus?

268 1403 494 1488 Usque
516 1404 677 1468 adeo
695 1423 1017 1485 nusquam
1048 1423 1232 1466 arma
1261 1405 1328 1467 et
1357 1401 1523 1486 equi,
1553 1401 1894 1486 fretaque
1873 1400 2053 1466 mvia
2077 1399 2313 1465 Grais?
2362 1425 2370 1430 ·

270 1492 440 1569 Quid
488 1492 545 1556 si
588 1513 760 1556 nunc
807 1491 1041 1575 aliquis
1087 1490 1321 1576 patriis
1369 1494 1673 1574 rapturus
1723 1491 1806 1555 ab
1855 1490 1987 1554 oris
2244 1505 2311 1555 81

268 1580 660 1646 Deidamian
705 1582 812 1644 eat
854 1580 1175 1665 viduaque
1223 1601 1258 1644 e
1306 1580 1456 1644 sede
1504 1579 1775 1645 revellat

268 1669 643 1735 Attonitam
690 1671 757 1733 et
803 1669 1027 1754 magni
1073 1669 1464 1734 clamantem
1510 1691 1750 1735 nomen
1794 1666 2073 1733 Achillis
2084 1665 2144 1731 ‘?'

158 1763 242 1807 ³⁷0
268 1758 458 1823 Illius
506 1758 586 1823 ad
634 1759 937 1842 capulum
981 1758 1176 1823 rediit
1219 1779 1448 1823 manus
1496 1780 1571 1823 ac
1618 1758 1813 1823 simul
1858 1756 2087 1841 ingens

266 1846 540 1931 Impulit
586 1870 709 1912 ora
752 1847 975 1912 rubor:
1023 1847 1227 1912 tacuit
1276 1850 1615 1912 contentus
1665 1846 1909 1912 Ulixes.
2234 1861 2304 1911 85

444 1935 710 2021 Excipit
754 1935 1057 2002 Oenides:
1105 1934 1326 2021 Quin,
1374 1959 1411 2001 o
1459 1936 1850 2020 dignissima
1896 1935 2059 2000 caeli

266 2025 649 2112 Progenies,
696 2025 987 2109 ritusque
1032 2028 1181 2089 tuos
1231 2025 1677 2109 elementaque
1722 2025 1975 2110 primae

266 2114 517 2180 Indolis
566 2117 659 2196 et,
703 2114 920 2179 valida
965 2134 1119 2178 mox
1165 2114 1506 2179 accedente
1551 2114 1846 2199 iuventa,

163 2210 242 2251 3⁷⁵
269 2203 451 2280 Quae
500 2204 738 2269 solitus
784 2202 1049 2267 laudum
1094 2202 1219 2267 tibi
1265 2204 1515 2269 semina
1559 2203 1843 2288 pandere
1891 2200 2163 2286 Chiron,

265 2292 680 2395 Virtutisque
719 2291 955 2376 aditus,
999 2313 1159 2377 quas
1198 2293 1494 2358 membra
1540 2314 1777 2378 augere
1821 2314 1939 2376 per
1985 2294 2184 2371 artes,
2236 2307 2305 2357 90

270 2380 447 2457 Quas
495 2382 810 2459 animum,
858 2380 1049 2446 sociis
1097 2382 1502 2467 multumque
1547 2381 1917 2447 faventibus
1964 2380 2109 2445 ede·

270 2468 369 2535 Sit
415 2471 700 2555 pretium
745 2469 978 2555 longas
1025 2470 1288 2555 penitus
1334 2470 1666 2556 quaesisse
1711 2491 1828 2553 per
1871 2469 2080 2534 undas

270 2556 524 2643 Scyron
569 2563 635 2623 et
677 2558 781 2623 his
827 2558 1108 2643 primum
1153 2581 1451 2644 parmam
1498 2559 1856 2626 ostendisse
1902 2555 2207 2623 lacertis?

409 2775 477 2825 70
512 2768 641 2824 vilis
676 2774 717 2823 P
748 2770 757 2837 1
788 2769 949 2824 farris
990 2785 1218 2825 acervos
1256 2765 1600 2825 Schrader-us
1632 2772 1653 2839 11
1695 2775 1759 2825 71
1800 2770 1943 2824 haec
1981 2768 2154 2824 etiam
2191 2772 2301 2821 ΔΗ

263 2839 404 2895 haec
442 2841 501 2895 et
526 2857 639 2895 non
665 2840 824 2895 Leid.
853 2841 874 2910 11
903 2844 968 2894 75
997 2840 1072 2895 Vi
1108 2858 1377 2911 generum
1415 2841 1730 2896 Gronovius
1764 2841 2042 2895 Barthius
2073 2841 2083 2908 1
2114 2839 2298 2924 Rapta

264 2910 527 2980 Scythico
555 2916 595 2963 P
627 2914 636 2979 1
670 2918 735 2966 77
765 2911 917 2966 itura
943 2911 1066 2965 ΡΨ
1091 2914 1111 2983 11
1139 2918 1205 2967 79
1243 2911 1541 2982 Argolicae
1571 2917 1611 2964 P
1637 2913 1657 2980 11
1684 2916 1750 2967 81
1792 2912 1866 2967 ab
1912 2910 2025 2968 aris
2063 2912 2297 2966 coniece-

263 2987 398 3037 runt
426 2981 697 3037 Heinsius
724 2987 774 3037 et
798 2983 1164 3038 Eua-mannus
1190 2985 1210 3053 11
1238 2989 1305 3038 86
1344 2983 1582 3056 Excepit
1607 2988 1648 3037 P
1673 2984 1694 3053 11
1722 2987 1790 3037 88
1828 2982 1999 3038 Idolis
2027 2987 2068 3035 P
2107 2999 2299 3037 a-ccen

264 3054 430 3109 dente
467 3058 507 3105 P
543 3055 563 3123 11
600 3059 667 3109 91
706 3052 826 3109 edis
862 3060 903 3108 P
938 3056 959 3125 11
994 3061 1064 3110 93
1103 3054 1189 3109 1118
1226 3054 1471 3124 primum
1517 3071 1677 3109 arma
1734 3053 2042 3110 ostendisse
2138 3051 2301 3108 certis

262 3130 303 3178 P
347 3126 435 3179 his
471 3124 657 3194 primu
694 3124 1140 3251 α1111ᾔέ111811ᾱίε88
1176 3126 1403 3180 lacertis
1440 3125 1511 3178 θ’
1546 3126 1634 3182 1118
1669 3125 1915 3196 primum
1953 3124 2300 3208 armlsosten-

263 3196 411 3251 disse
450 3196 677 3251 lacertis
713 3201 783 3250 Po
881 3216 931 3252 18
959 3214 1202 3266 pnmum
1240 3195 1409 3252 armis
1443 3196 1688 3253 tendisse
1726 3198 1967 3252 lacertos
2006 3196 2167 3253 Laid.
2213 3194 2298 3251 1118

262 3282 418 3321 arma
452 3266 699 3336 primum
736 3267 1043 3323 ostendisse
1070 3268 1310 3322 lacertos
1339 3272 1384 3319 G
1419 3267 1529 3322 hiis
1567 3270 1740 3324 armis
1773 3267 2020 3339 primum
2048 3266 2296 3322 tendisse

259 3338 504 3393 lacertos
540 3344 583 3390 D
621 3338 710 3393 his
746 3336 916 3394 armis
951 3337 1193 3406 primum
1228 3337 1536 3394 intendisse
1570 3340 1813 3395 lacertos
1841 3344 1897 3392 Π
1932 3339 2022 3395 his
2052 3338 2294 3409 primum

261 3424 520 3535 parrgflargi
555 3408 1692 3535 ΐεὺεῇᾶίεεξοὲῗὲἑῖτίδῗέἒνουΒαεὴνεπείαε
1721 3411 1824 3467 hos
1853 3409 2026 3466 armis
2054 3410 2300 3481 primum

270 3497 367 3535 ves
444 3497 470 3535 s
576 3497 675 3538 ace
733 3497 794 3535 os
1320 3481 1411 3534 ius
