2517 3909
924 183 1301 241 SILUARUM
1337 184 1400 242 L.
1437 183 1506 254 V,
1545 191 1594 241 1.
2201 184 2324 250 131

174 328 540 394 Florebant
582 328 823 394 hilares
869 330 1362 415 inconcussique
1411 333 1707 414 penatese

173 418 293 483 Nil
340 420 680 483 maestum.
745 418 900 502 quid
947 418 1140 504 enim,
1188 419 1485 505 quamuis
1529 419 1730 484 infida
1775 419 2085 505 leuisque,

174 505 462 573 Caesare.
498 511 639 571 tam
684 506 911 572 dextro
958 512 1183 592 posset
1225 507 1518 573 Fortuna
1562 507 1824 573 timeri?

173 595 493 661 Inuenere
538 596 714 660 uiam
758 596 1031 661 liuentia
1075 597 1233 683 fata,
1278 598 1585 682 piumque
2220 613 2322 662 145

173 685 460 750 Intrauit
504 683 605 758 uis
654 707 850 750 saeua
894 685 1116 752 larem.
1190 687 1282 752 sic
1325 687 1519 770 plena
1561 686 1852 772 maligno

174 774 508 839 Afflantur
551 775 774 839 uineta
817 778 1002 862 noto,
1050 775 1141 840 sic
1189 775 1328 840 alta
1374 776 1651 840 senescit

175 862 394 929 Imbre
442 884 628 949 seges
674 864 903 947 nimio,
950 865 1259 949 grauidae
1309 864 1401 930 sic
1447 865 1643 929 obuia
1687 862 1888 947 puppi

172 951 440 1018 Inuidet
483 956 551 1017 et
593 953 756 1017 uelis
806 952 1144 1018 adnubilat
1190 976 1347 1018 aura
1394 952 1708 1018 secundis,
1785 961 1793 968 ’

174 1040 484 1126 Carpitur
528 1041 833 1106 eximium
876 1042 1017 1107 fato
1063 1041 1363 1108 Priscilla
1408 1043 1731 1124 decorem3
2221 1055 2323 1105 150

173 1130 472 1207 Qualiter
515 1131 652 1195 alta
698 1151 953 1196 comam
1000 1131 1315 1196 siluarum
1361 1131 1569 1216 gloria
1613 1130 1807 1215 pinus

173 1218 303 1285 Seu
349 1218 527 1285 Iouis
574 1220 726 1304 igne
770 1220 946 1285 malo
997 1242 1109 1285 seu
1154 1221 1287 1285 iam
1332 1220 1545 1284 radice
1593 1220 1808 1284 soluta

170 1308 413 1374 Deficit
459 1312 525 1373 et
566 1308 732 1373 nulli
780 1309 1061 1394 spoliata
1106 1312 1540 1388 remurmurat
1585 1329 1796 1374 aurae.

174 1397 347 1473 Quid
394 1396 689 1482 probitas
736 1402 851 1462 aut
897 1402 1079 1463 casta
1121 1397 1300 1483 fides,
1347 1397 1500 1484 quid
1546 1397 1817 1462 numina
1860 1399 2136 1479 prosunt

174 1486 371 1552 Culta
417 1485 650 1551 deum?
724 1486 951 1552 furuae
996 1488 1303 1551 miseram
1349 1487 1591 1552 circum
1636 1485 1918 1570 undique
1964 1484 2081 1549 leti
2217 1499 2319 1549 155

170 1574 522 1640 Uallauere
565 1575 815 1660 plagae,
860 1580 1218 1641 tenuantur
1265 1576 1427 1641 dura
1473 1595 1768 1640 sororum

171 1663 355 1729 Licia
401 1667 468 1728 et
513 1665 722 1730 exacti
768 1669 1064 1748 superest
1106 1686 1261 1749 pars
1308 1665 1540 1729 ultima
1584 1664 1696 1728 fili.

170 1752 286 1818 Nil
331 1753 561 1817 famuli
607 1756 845 1837 coetus,
889 1753 982 1817 nil
1030 1776 1135 1818 ars
1183 1774 1459 1837 operosa
1504 1752 1875 1817 medentum

171 1843 508 1908 Auxiliata
551 1841 774 1927 malis3
821 1843 1088 1907 comites
1135 1846 1359 1906 tamen
1403 1841 1685 1926 undique
1731 1840 1883 1904 ficto

174 1933 371 2016 Spem
418 1931 730 1996 simulant
773 1931 979 2016 uultu,
1021 1930 1282 1996 flentem
1328 1934 1518 1995 notat
1561 1930 1676 1994 illa
1719 1927 2044 1993 maritum.
2217 1943 2319 1992 160

170 2022 293 2087 Ille
339 2020 533 2085 modo
578 2020 872 2085 infernae
916 2020 1348 2105 nequicquam
1392 2019 1660 2083 flumina
1702 2017 1940 2082 Lethes

173 2110 566 2193 Incorrupta
608 2112 825 2194 rogat,
869 2131 1042 2176 nunc
1090 2110 1320 2173 anxius
1368 2108 1669 2173 omnibus
1717 2107 1846 2171 aris

169 2199 549 2266 Inlacrimat
595 2197 941 2283 signatque
983 2197 1159 2264 fores
1206 2201 1273 2262 et
1316 2200 1578 2282 pectore
1623 2199 1838 2281 terget

169 2288 458 2371 Limina3
501 2308 674 2351 nunc
721 2287 941 2373 magni
985 2290 1179 2352 uocat
1224 2286 1552 2352 exorabile
1596 2306 1838 2350 numen

173 2378 497 2444 Caesaris.
566 2376 698 2441 heu
745 2376 940 2441 durus
986 2376 1108 2440 fati
1152 2378 1370 2441 tenor!
1443 2379 1626 2440 estne
1673 2374 1845 2459 quod
1890 2372 1988 2437 illi
2213 2388 2315 2437 165

171 2468 326 2535 Non
374 2464 613 2531 liceat?
659 2469 942 2549 quantae
987 2469 1296 2550 poterant
1339 2464 1724 2529 mortalibus
1772 2462 1961 2527 annis

166 2556 539 2622 Accessisse
585 2575 827 2639 morae,
871 2555 929 2620 si
974 2559 1066 2638 tu,
1110 2559 1316 2639 pater,
1363 2574 1554 2618 omne
1599 2557 1852 2617 teneres

168 2640 581 2711 Arbitrium?
631 2663 822 2707 caeco
870 2646 1157 2729 gemeret
1201 2664 1378 2707 mors
1426 2642 1608 2707 clusa
1652 2640 1985 2725 barathrO,

167 2736 462 2821 Longius
510 2734 576 2795 et
619 2753 863 2797 uacuae
906 2732 1278 2817 posuissent
1323 2731 1603 2795 stamina
1645 2729 1908 2794 Parcae.

165 2832 436 2912 Iamque
482 2820 725 2885 cadunt
767 2821 988 2886 uultus
1038 2819 1366 2906 oculisque
1410 2819 1805 2884 nouissimus
1852 2838 2031 2883 error
2212 2834 2314 2882 170

168 2915 629 3001 Optunsaeque
677 2931 883 2995 aures,
927 2910 1057 2975 nisi
1104 2931 1250 2974 cum
1296 2931 1424 2974 uox
1473 2909 1614 2974 sola
1658 2907 1880 2971 mariti

166 3004 505 3086 Noscitur3
550 2999 735 3064 illum
779 3020 982 3064 unum
1027 2998 1241 3063 media
1286 2998 1364 3063 de
1410 3000 1617 3063 morte
1661 3016 1959 3061 reuersae

311 3272 416 3324 148
455 3264 724 3350 grauidae
758 3264 959 3333 scripsi
986 3264 1021 3320 l.
1061 3262 1096 3317 l.
1131 3278 1189 3332 p.
1227 3266 1371 3318 261.-
1406 3260 1637 3332 rapidae
1675 3266 1710 3313 ο
1748 3279 1782 3314 a
1815 3262 1836 3330 11
1878 3265 1980 3316 149
2018 3257 2313 3315 obnubilat

165 3343 255 3398 uel
290 3338 561 3397 obsibilat
581 3338 658 3392 M
655 3336 793 3391 arkl.
820 3337 841 3404 ΙΙ
870 3341 973 3390 156
1008 3335 1315 3389 tenuantur
1343 3332 1503 3389 Dom.
1516 3354 1534 3386 :
1569 3333 1878 3387 tenduntur
1915 3337 1951 3384 c
1981 3350 2037 3397 ας
2081 3349 2160 3387 an
2192 3334 2307 3386 tar-

164 3415 371 3468 dantur
407 3409 440 3464 ἓ
466 3412 487 3479 Ι
515 3415 620 3464 160
654 3408 785 3475 fort.
821 3408 986 3462 notat
1019 3420 1135 3459 una
1160 3406 1181 3473 ΙΙ
1209 3409 1309 3459 161
1349 3404 1582 3458 numina
1616 3402 1824 3457 Lethes
1857 3402 2126 3458 Heinsius
2150 3404 2171 3471 ΙΙ
2202 3408 2299 3456 171

164 3484 331 3540 malis
357 3482 468 3537 nisi
503 3478 655 3550 quod
680 3480 702 3548 ΙΙ
730 3483 832 3535 172
870 3493 1099 3534 reuersa
1135 3481 1170 3527 c
1207 3494 1257 3545 a,
1295 3490 1436 3530 corr.
1473 3473 1744 3530 Heinsius

1808 3559 1884 3613 9.
