2517 3909
202 165 332 233 120
935 169 999 226 Ρ.
1042 169 1312 225 PAan
1350 168 1593 225 STATn

1089 425 1092 428 “
1182 420 1364 487 VIII.

541 577 1013 636 GRATULATIO
1050 577 1151 644 AD
1167 653 1172 654 f
1188 576 1452 636 IULIUM
1486 531 2017 642 MENEORATW,

205 701 427 771 Pande
473 705 647 770 fores
696 725 1000 789 superum
1044 706 1408 790 uittataque
1450 705 1698 790 templa
1743 702 2007 771 Sabaeis

199 792 502 859 Nubibus
550 796 616 859 et
659 793 980 878 pecudum
1023 794 1201 859 fibris
1250 794 1650 880 spirantibus
1695 794 1890 879 inple,

198 881 639 966 Parthenope3
685 882 843 947 clari
888 903 1095 968 genus
1143 903 1289 948 ecce
1331 882 1717 949 Menecratis
1765 886 1963 969 auget

203 971 427 1036 Tertia
471 972 603 1038 iam
652 972 927 1036 soboles,
1000 993 1342 1056 procerum
1386 972 1507 1037 tibi
1552 972 1772 1038 nobile
1818 972 2055 1058 uulgus

200 1058 452 1126 Crescit
498 1064 563 1125 et
606 1060 826 1125 insani
869 1060 1117 1125 solatur
1162 1060 1401 1127 damna
1445 1059 1704 1127 Ueseui.
1995 1077 2004 1083 ·
2320 1078 2353 1129 5

198 1147 337 1214 Nec
386 1150 599 1214 solum
643 1149 847 1214 festas
895 1151 1108 1213 erecta
1151 1148 1464 1234 Neapolis
1511 1172 1658 1215 aras
1791 1206 1827 1235 ,

195 1236 496 1303 Ambiatz'
527 1240 605 1302 ‘et
650 1238 807 1302 socii
853 1242 1082 1322 portus
1128 1237 1489 1323 dilectaque
1534 1237 1693 1304 miti

66 1389 76 1396 .
196 1325 399 1391 Terra
442 1323 800 1392 Dicarcheo
846 1347 965 1391 nec
1009 1348 1145 1391 non
1188 1328 1388 1413 plaga
1433 1350 1584 1393 cara
1628 1327 1915 1393 madenti

196 1412 577 1480 Surrentina
622 1414 741 1480 deo
791 1415 978 1480 sertis
1025 1416 1257 1481 altaria
1304 1416 1551 1503 cingat,

200 1503 481 1569 Materni
527 1526 657 1589 qua
700 1503 857 1570 litus
904 1504 1028 1589 aui,
1073 1527 1268 1590 quem
1311 1507 1507 1571 turba
1549 1508 1862 1591 nepotum
2283 1523 2350 1574 1ο

197 1590 444 1657 Circuit
491 1598 557 1657 et
603 1592 847 1660 similes
892 1594 1227 1677 contendit
1268 1594 1532 1659 reddere
1576 1595 1816 1672 uultus.
2272 1635 2278 1641 -

195 1679 491 1746 Gaudeat
538 1684 603 1746 et
646 1680 895 1766 Libyca
939 1683 1304 1769 praesignis
1352 1683 1710 1750 auunculus
1755 1683 1974 1765 hasta,

199 1768 504 1855 Quaeque
551 1770 679 1835 sibi
725 1771 982 1856 genitos
1026 1775 1218 1857 putat
1264 1772 1632 1857 attollitque
1678 1772 1962 1858 benigno

198 1857 386 1923 Polla
433 1858 596 1925 sinu.
669 1863 897 1943 macte,
937 1883 975 1926 o
1022 1861 1297 1945 iuuenis,
1343 1861 1455 1945 qui
1499 1864 1687 1926 tanta
1730 1860 2008 1925 merenti

191 1946 470 2013 Lumina
515 1947 631 2012 das
676 1950 945 2033 patriae.
1017 1950 1190 2016 dulci
1234 1950 1456 2016 tremit
1501 1950 1976 2020 ecce1tumultu
2279 1968 2351 2019 15

194 2035 324 2101 Tot
368 2037 647 2103 dominis
695 2038 974 2114 clamata
1020 2037 1266 2104 domus,
1336 2040 1563 2123 procul
1609 2043 1753 2104 atra
1795 2037 2054 2108 recedat

190 2124 448 2191 Inuidia
495 2129 689 2211 atque
737 2126 863 2192 alio
909 2126 1182 2194 liuentia
1223 2130 1491 2211 pectora
1533 2127 1782 2198 flectat:

189 2212 314 2279 His
363 2214 613 2280 senium
658 2214 1022 2300 longaeque
1068 2216 1262 2280 decus
1309 2216 1573 2281 uirtutis
1620 2219 1687 2281 et
1732 2216 1911 2298 alba,

192 2301 483 2387 Atropos
531 2306 598 2367 et
641 2303 892 2387 patrius
940 2304 1156 2369 lauros
1200 2305 1503 2389 promisit
1545 2302 1802 2388 Apollo,
1854 2344 1877 2354 ae

190 2389 371 2477 Ergo
421 2389 594 2477 quod
637 2390 968 2456 Ausoniae
1011 2395 1201 2476 pater
1246 2394 1744 2478 augustissimus
1790 2393 1971 2462 urbis
2276 2413 2350 2463 20

191 2478 302 2545 Ius
350 2480 475 2544 tibi
516 2480 917 2565 tergeminae
966 2480 1229 2564 dederat
1272 2479 1576 2546 laetabile
1619 2482 1846 2570 prolis,
2222 2485 2239 2494 “

192 2566 401 2636 Omen
447 2570 603 2633 erat.
674 2569 859 2633 uenit
901 2570 1144 2654 totiens
1189 2568 1437 2635 Lucina
1479 2571 1784 2655 piumque

187 2655 473 2722 Intrauit
517 2658 795 2743 repetita
838 2658 1059 2723 larem.
1134 2659 1225 2724 sic
1271 2658 1522 2742 fertilis,
1567 2680 1700 2743 oro,

189 2742 332 2811 Stet
373 2746 606 2812 domus
652 2749 719 2811 et
765 2746 949 2812 donis
995 2769 1351 2833 numquam
1394 2747 1640 2813 nudata
1689 2747 1977 2814 sacratis.

327 3080 477 3135 VIII.
519 3080 770 3152 fibulum
804 3098 874 3138 ex
909 3086 955 3135 Δ
994 3081 1240 3152 c‘dedifl
1267 3088 1299 3137 6
1329 3084 1518 3138 erecta
1551 3083 1777 3152 scripsi.-
1816 3084 2035 3139 secreta
2069 3088 2117 3138 Δ
2146 3089 2187 3137 θ
2222 3086 2348 3143 lae-

184 3152 309 3206 tata
345 3152 557 3208 Markl.
604 3154 625 3223 fl
669 3158 700 3207 Ὺ
738 3153 868 3208 miti
904 3159 941 3204 0
977 3171 1041 3207 ιε
1087 3152 1242 3207 mitis
1279 3152 1440 3209 Dom,
1486 3156 1508 3223 ΙΙ
1551 3159 1584 3208 8
1623 3153 1904 3210 dicarchei
1942 3159 1978 3208 0
2014 3174 2064 3224 a,
2100 3160 2346 3217 correxi

183 3221 530 3279 Dicarcheae
569 3225 779 3280 Markl.
858 3231 922 3279 11
962 3223 1137 3279 simili
1173 3254 1241 3264 -—
1280 3223 1443 3278 uultu
1479 3224 1750 3280 Heinsius
1787 3227 1810 3296 fl
1847 3231 1914 3282 15
1950 3227 2106 3282 dulci
2142 3258 2214 3274 —·-
2252 3232 2345 3285 tu·

183 3293 370 3348 multu
405 3298 477 3350 A:
514 3295 695 3351 dulcis
734 3327 801 3335 —-
838 3294 1117 3350 tumultus
1154 3300 1191 3346 c
1222 3297 1233 3364 Ι
1264 3295 1459 3351 fremit
1482 3296 1777 3351 Heinsius:
1813 3297 2018 3367 strepit
2052 3300 2172 3367 ipse
2210 3302 2347 3357 olim

183 3366 392 3420 conieci
434 3367 455 3435 fl
503 3372 570 3422 1⁷
606 3366 823 3422 lumina
856 3365 1056 3421 flectat
1092 3366 1304 3421 Markl.
1343 3367 1364 3435 ΙΙ
1402 3372 1469 3421 19
1506 3367 1690 3422 lauros
1730 3372 1766 3423 ς
1803 3385 1862 3422 ιε
1900 3368 2059 3424 lauro
2099 3374 2135 3421 c
2170 3372 2179 3438 Ι
2210 3388 2346 3441 pro·

178 3436 360 3493 mittit
396 3437 609 3494 Markl.
637 3439 658 3508 l]
686 3443 757 3492 24
792 3437 1007 3492 nudata
1043 3437 1218 3492 idem.-
1254 3440 1480 3493 mutata
1516 3442 1551 3488 c
1589 3456 1624 3490 a

2508 3357 2509 3376 1

2508 3383 2509 3396 1

2501 3421 2509 3500 'i

2508 3505 2509 3514 1
