2517 3909
891 140 1300 194 frEEBAIDOS
1344 139 1485 189 LIB.
1521 141 1586 188 V.
2144 131 2236 195 ,99

231 296 499 358 Cernere
547 305 705 373 erat,
751 296 1082 376 iugulisque
1117 297 1292 358 modo
1340 298 1615 360 torrentis
1650 300 1889 377 apertis
1996 338 2001 346 -

229 382 527 460 Sanguine
572 383 883 451 commixto
924 382 1265 443 redeuntem
1308 383 1367 442 in
1409 382 1625 462 pocula
1656 382 1977 446 Bacchum.

226 467 341 528 Hic
382 469 650 530 iuvenum
687 485 889 528 manus
933 476 992 527 et
1030 468 1203 528 nullis
1248 467 1543 529 violabilis
1585 469 1756 528 armis

230 551 426 612 Turba
470 570 681 627 senes,
732 552 1024 652 positique
1068 562 1295 631 patrum
1341 571 1521 631 super
1562 569 1666 613 ora
1706 529 2037 630 gementum

229 637 575 697 Semineces
620 638 818 715 pueri,
865 637 1123 713 trepidas
1164 638 1220 697 in
1257 637 1452 700 limine
1496 638 1651 698 vitae
2127 646 2234 704 260

230 721 561 798 Singultant
604 722 841 782 animas·
930 720 1135 783 Gelida
1180 740 1297 782 non
1339 723 1571 786 saevius
1618 719 1765 782 Ossa

226 805 545 872 Luxuriant
586 804 954 885 Lapitharum
996 806 1254 885 epulae,-
1282 807 1333 866 si
1375 805 1604 885 quando
1650 803 1939 885 profundo

228 889 576 967 Nubigenae
623 890 860 952 caluere
897 906 1095 960 mero;
1143 892 1244 951 vix
1293 892 1508 970 primus
1549 890 1622 954 ab
1669 891 1755 951 ira

226 974 463 1049 Pallor,
503 983 566 1035 et
599 974 844 1073 inpulsis
885 984 1134 1052 surgunt
1168 976 1240 1038 ad
1286 976 1515 1054 proelia
1552 976 1792 1036 mensis.

358 1058 559 1119 ‘Tunc
597 1060 840 1139 primum
886 1075 1021 1122 sese
1055 1060 1300 1139 trepidis
1342 1059 1453 1121 sub
1496 1070 1679 1121 nocte
1707 1058 2021 1135 Thyoneus
2131 1066 2234 1122 265

226 1144 506 1220 Detexit,
552 1153 687 1204 nato
731 1153 971 1223 portans
1019 1154 1282 1212 extrema
1323 1144 1573 1214 Thoanti
1659 1189 1663 1196 .
1770 1186 1777 1202 ,

227 1228 534 1306 Subsidia,
578 1238 637 1289 et
672 1228 850 1292 multa
894 1228 1118 1290 subitus
1153 1248 1287 1292 eum
1337 1230 1475 1292 luce
1512 1229 1761 1292 refulsit.

227 1313 493 1392 Agnovi:
541 1331 664 1373 non
698 1313 800 1374 ille
846 1313 1078 1392 quidem
1123 1314 1413 1392 turgentia
1450 1316 1675 1380 sertis

228 1398 561 1476 Tempora,
603 1417 715 1458 nec
756 1397 907 1460 flava
950 1400 1169 1460 crinem
1206 1400 1546 1464 distinxerat
1585 1418 1733 1474 uva,

224 1482 503 1559 Nubilus,
546 1484 958 1561 indignumque
1003 1483 1192 1545 oculis
1234 1484 1589 1563 liquentibus
1632 1482 1910 1546 imbrem·
1988 1506 2015 1552 ·‚
2128 1488 2233 1546 270

225 1566 592 1646 Alloquitur:
640 1566 816 1628 ‘Dum
854 1567 974 1628 fata
1008 1567 1220 1628 dabant
1264 1568 1398 1644 tibi,
1442 1578 1613 1644 nate,
1662 1576 1963 1645 potentem

222 1651 515 1728 Lemnon,
561 1661 622 1713 et
663 1652 919 1714 extemis
968 1651 1138 1712 etiam
1179 1670 1423 1718 servare
1466 1652 1776 1714 timendam

226 1736 512 1798 Gentibus
551 1736 703 1802 haud
739 1755 1007 1815 umquam
1047 1738 1200 1798 iusto
1241 1755 1374 1797 mea
1419 1754 1555 1796 cura
1599 1735 1786 1798 labori

225 1821 491 1882 Destitit:
536 1821 909 1886 absciderunt
950 1822 1149 1882 tristes
1194 1820 1453 1882 crudelia
1495 1819 1715 1882 Parcae

229 1907 517 1983 Stamina,
558 1926 671 1968 nec
709 1905 915 1983 dictis,
956 1906 1209 1985 supplex
1251 1924 1403 1984 quae
1446 1904 1692 1984 plurima
1733 1901 1856 1965 fudi
2127 1907 2229 1963 275

224 1991 382 2052 Ante
417 1991 618 2053 Iovem
654 1993 902 2067 frustra,
952 1990 1324 2070 lacrimisque
1367 1998 1638 2058 avertere
1681 1987 1870 2050 luctus
1948 2014 1952 2020 ·

226 2074 515 2154 Contigit:
559 2073 847 2138 infandum
886 2085 1058 2140 natae
1103 2076 1401 2138 concessit
1436 2074 1743 2136 honorem.

221 2160 581 2222 Accelerate
624 2162 853 2239 fugam,
895 2169 1107 2239 tuque,
1154 2178 1189 2221 o
1231 2180 1363 2221 mea
1409 2158 1582 2238 digna
1624 2172 1935 2237 propage,
1974 2211 1999 2220 ,.

225 2245 353 2307 Hac
395 2263 577 2323 rege,
618 2247 822 2324 virgo,
864 2255 1121 2324 patrem,
1164 2245 1382 2323 gemini
1428 2263 1542 2325 qua
1582 2242 1822 2305 brachia
1850 2241 2009 2316 muri
2058 2293 2062 2301 .

220 2330 383 2391 Litus
427 2338 596 2405 eunt,
636 2330 769 2411 illa,
812 2348 925 2409 qua
967 2348 1098 2394 rara
1144 2329 1406 2406 silentia,
1452 2338 1623 2409 porta
1670 2353 1674 2357 ·
2125 2332 2230 2385 πεί)

225 2416 357 2477 Stat
397 2414 630 2476 funesta
672 2413 871 2475 Venus
906 2415 1185 2494 ferroque
1230 2416 1496 2477 accincta
1530 2414 1794 2474 furentes

221 2500 497 2561 Adiuvat.
584 2498 751 2561 Unde
792 2517 1027 2576 manus,
1071 2499 1224 2561 unde
1262 2498 1415 2560 haec
1459 2497 1744 2558 Mavortia
1789 2495 1961 2560 divae
2066 2527 2075 2536 ·

221 2581 517 2646 Pectora?
564 2594 625 2645 tu
661 2585 782 2646 lato
825 2594 1051 2665 patrem
1094 2585 1391 2645 committe
1433 2580 1742 2663 profundo.
1945 2610 1971 2654 .·
2134 2659 2137 2664 Ι
2190 2619 2201 2660 3

222 2670 549 2731 Succedam
591 2671 766 2734 curis.
770 2674 791 2704 ⁹
878 2665 965 2730 Ita
998 2669 1152 2732 fatus
1188 2671 1247 2730 in
1286 2686 1427 2730 aera
1469 2683 1669 2728 rursus
2198 2737 2203 2746 ι

223 2753 515 2830 Solvitur,
560 2763 620 2815 et
661 2763 955 2830 nostrum,
1001 2754 1162 2816 visus
1203 2751 1539 2815 arcentibus
1577 2748 1829 2827 umbris,
2122 2755 2225 2809 285

221 2837 377 2899 Mitis
431 2840 543 2899 iter
584 2838 800 2917 longae
849 2839 1093 2906 claravit
1137 2838 1317 2899 limite
1360 2838 1642 2899 flammae.

356 2921 510 2996 ‘Qua
541 2924 672 2986 data
705 2924 873 3001 signa
908 2940 1155 3001 sequor3
1200 2923 1337 2986 dein
1373 2938 1552 2984 curvo
1588 2918 1806 2982 robore
1839 2915 2099 2990 clausum

219 3007 329 3067 Dis
373 3008 572 3086 pelagi
613 3010 924 3087 ventisque
963 3017 1021 3069 et
1060 3006 1351 3084 Cycladas
1396 3005 1704 3083 Aegaeoni
1988 3071 1993 3080 ⁸

218 3091 515 3172 Amplexo
562 3093 902 3156 commendo
950 3102 1206 3172 patrem,
1249 3110 1362 3153 nec
1398 3090 1630 3154 fletibus
1673 3105 1943 3168 umquam

219 3177 311 3237 Sit
351 3177 559 3239 modus
600 3178 870 3255 alternis,
927 3179 986 3238 ni
1025 3179 1135 3239 iam
1169 3177 1414 3240 dimittat
1451 3173 1582 3236 Eoo
2115 3174 2220 3232 290

215 3260 454 3323 Lucifer
497 3271 651 3323 astra
694 3263 857 3343 polo.
948 3261 1092 3323 Tum
1134 3261 1361 3324 demum
1404 3262 1579 3322 litore
1618 3274 1801 3320 rauco

218 3343 403 3408 Multa
444 3356 600 3407 metu
644 3358 921 3428 reputans
968 3357 1029 3408 et
1068 3348 1174 3407 vix.
1210 3346 1430 3408 conlisa
1472 3344 1670 3419 Lyaeo

217 3428 498 3508 Dividor,
542 3432 671 3512 ipsa
709 3432 896 3518 gradu
938 3433 1160 3516 nitens,
1205 3432 1313 3496 sed
1358 3441 1416 3505 et
1459 3429 1629 3493 anxia
1671 3436 1842 3570 retrc7
1861 3509 1891 3545 *
