2517 3909
247 161 376 225 110
983 163 1044 218 Ρ.
1083 162 1365 218 PAPINII
1407 160 1647 218 STATII

244 305 476 374 Cessat
522 328 701 393 apex.
773 308 998 392 procul
1043 308 1173 374 ista
1214 311 1331 373 tuo
1378 308 1523 374 sint'
1553 308 1695 373 fata
1740 307 1948 395 Teati,
2333 327 2414 378 85

242 396 380 462 Nec
426 395 832 462 Marrucinos
880 399 1037 483 agat
1079 396 1241 461 haec
1286 397 1544 462 insania
1589 401 1864 463 montes.

240 484 433 550 Nunc
481 486 536 550 si
581 485 752 551 forte
797 486 957 550 meis
1005 506 1170 571 quae
1216 487 1351 551 sint
1395 486 1660 552 exordia
1703 486 1908 551 musis

243 572 418 640 Scire
463 574 654 659 petis,
698 575 830 639 iam
875 572 1176 640 Sidonios
1224 596 1487 642 emensa
1532 575 1789 641 labores

240 662 525 729 Thebais
572 666 797 749 optato
845 663 1112 749 collegit
1158 664 1432 730 carbasa
1473 668 1666 749 portu

236 750 634 838 Parnasique
679 753 852 839 iugis
900 753 1193 838 siluaque
1239 751 1622 819 Heliconide
1667 753 1855 819 festis
2328 772 2408 823 90

239 841 414 907 T-ura
458 842 637 907 dedit
677 841 957 907 flammis
1003 844 1070 906 et
1113 841 1392 927 uirginis
1436 845 1588 907 exta
1631 843 1942 909 iuuencae

237 928 695 1017 Uotiferasque
742 951 921 995 meas
967 930 1306 1015 suspendit
1350 931 1434 996 ab
1481 932 1712 997 arbore
1757 932 1977 998 uittas.

235 1017 301 1084 N
302 1042 428 1085 unc
474 1042 714 1086 uacuos
762 1020 971 1085 crines
1019 1020 1148 1085 alio
1197 1020 1375 1105 subit
1418 1019 1625 1085 infula
1668 1041 1866 1087 nexu:

240 1108 439 1176 Troia
485 1109 742 1194 quidem
789 1129 1195 1194 magnusque
1240 1108 1403 1174 mihi
1446 1112 1805 1194 temptatur
1847 1109 2165 1196 Achilles,

238 1195 364 1263 Sed
409 1203 604 1265 uocat
649 1197 1014 1263 arcitenens
1063 1198 1191 1263 alio
1237 1201 1425 1283 pater
1469 1220 1777 1284 armaque
1823 1202 2149 1265 monstrat
2325 1218 2405 1268 95

233 1288 511 1353 Ausonii
557 1287 807 1351 maiora
853 1287 1051 1354 duciS.
1124 1287 1332 1352 trahit
1376 1289 1658 1371 imPetus
1705 1288 1818 1353 illo
1971 1345 1980 1355 .

231 1374 373 1441 Iam
418 1375 668 1461 pridem
714 1375 1114 1461 retrahitque
1160 1376 1375 1442 timor.
1449 1377 1804 1442 stabuntne
1851 1378 1971 1443 sub
2016 1377 2133 1443 illa

235 1462 410 1530 Mole
456 1464 708 1542 humeri
754 1486 841 1530 an
888 1486 1131 1551 magno
1177 1465 1476 1530 uincetur
1519 1466 1803 1551 pondere
1852 1466 2118 1532 ceruix?

231 1552 376 1639 Dic,
420 1552 745 1637 Marcelle,
791 1554 1044 1620 feram?
1088 1554 1322 1620 fluctus
1370 1576 1456 1620 an
1504 1558 1687 1621 sueta
1728 1556 2014 1621 minores

229 1640 443 1708 Nosse
486 1644 650 1708 ratis
695 1642 986 1708 nondum
1030 1642 1236 1708 Ioniis
1284 1643 1603 1709 credenda
1647 1643 1950 1729 periclis?
2285 1663 2404 1713 100

227 1730 494 1818 Iamque
540 1733 685 1797 uale
736 1735 803 1797 et
845 1733 1106 1817 penitus
1151 1734 1295 1797 noti
1337 1733 1459 1797 tibi
1503 1734 1676 1797 uatis
1725 1754 2013 1799 amorem

229 1818 435 1886 Corde
480 1821 653 1887 exire
697 1824 865 1887 ueta.
936 1842 1055 1887 nec
1102 1821 1277 1887 enim
1322 1822 1486 1886 mihi
1529 1822 1808 1887 iunctius
1857 1822 2068 1887 almae

228 1908 462 1976 Pectus
513 1910 866 1977 amicitiae:
923 1911 1106 1976 cedet
1147 1910 1272 1976 tibi
1318 1911 1526 1996 gloria
1569 1911 1682 1974 fidi

227 1998 532 2086 Theseos,
580 2005 646 2065 et
690 2000 972 2066 lacerum
1019 2000 1131 2085 qui
1177 2000 1349 2064 circa
1393 1999 1651 2065 moenia
1698 1999 1932 2065 Troiae

225 2086 594 2154 Priamiden
640 2110 828 2155 caeso
877 2088 1115 2154 solatia
1157 2089 1361 2153 traxit
1406 2088 1632 2154 amicO.
1933 2136 1939 2140 -
2278 2109 2391 2160 105

1256 2317 1338 2384 V.

572 2476 718 2532 ODE
757 2476 1029 2533 LYRICA
1066 2477 1166 2531 AD
1209 2476 1617 2532 SEPTIMIUM
1654 2476 2019 2536 SEUERUM.

540 2620 738 2687 Parui
783 2623 1012 2688 beatus
1059 2622 1228 2687 ruris
1274 2621 1649 2706 honoribus,

544 2709 686 2787 Qua
730 2712 949 2796 prisca
995 2710 1282 2776 Teucros
1327 2710 1505 2775 Alba
1550 2711 1707 2777 colit
1749 2711 1939 2799 lares,

358 2998 427 3048 85
470 2995 601 3049 tuos
644 2993 829 3049 infata
869 2994 1022 3048 teate
1060 2998 1096 3045 c
1133 3010 1168 3045 a
1204 2992 1319 3059 (sed
1353 2996 1509 3046 reate
1544 2995 1616 3062 a),
1662 2995 1893 3050 correoei.
1940 2995 2039 3050 tuo
2087 2995 2203 3052 sint
2249 2999 2381 3057 fata

216 3064 444 3121 Theano
485 3064 678 3123 Parm.
715 3065 830 3121 tuis
860 3064 974 3120 sint
1007 3063 1144 3132 fata,
1186 3063 1360 3118 Teate
1398 3064 1503 3118 alii
1539 3066 1560 3133 11
1610 3069 1678 3118 92
1715 3064 2117 3135 Uotiferasque
2143 3070 2216 3123 A:
2258 3071 2378 3127 Uo-

212 3135 489 3205 tiferaque
515 3141 563 3188 -c
589 3139 609 3206 ss
649 3142 753 3192 100
787 3135 1050 3207 procellis
1087 3134 1292 3191 Markl.
1319 3134 1339 3203 ΙΙ
1368 3139 1469 3189 101
1509 3134 1631 3189 noti
1665 3140 1730 3188 c:
1766 3136 1890 3191 uoti
1928 3140 1964 3191 ς
2003 3154 2037 3190 ι
2068 3138 2077 3208 Ι
2111 3154 2377 3197 amorem

212 3207 404 3261 Dom..·
437 3207 707 3263 honorem
745 3214 781 3261 c
818 3226 852 3262 ο,
876 3210 897 3278 [Ι
928 3213 1029 3262 102
1066 3205 1212 3262 mihi
1246 3206 1360 3273 (uel
1394 3204 1522 3275 tibi)
1557 3205 1800 3261 iunctius
1834 3209 2064 3276 scripsi:
2107 3209 2377 3270 tirintius

213 3279 324 3346 (uel
359 3281 490 3348 tyr.)
528 3285 565 3330 c
599 3279 885 3335 tirinthius
922 3298 957 3333 a
1004 3276 1342 3334 retinentius
1379 3275 1607 3331 Grotius
1639 3278 1698 3332 te
1735 3278 1941 3334 certius
1977 3279 2274 3336 Bentleius
2313 3289 2375 3340 te

210 3349 405 3404 mitius
442 3350 756 3422 Imhofiusn
786 3357 885 3405 103
924 3351 1088 3406 dedet
1122 3353 1168 3402 Δ
1204 3354 1268 3400 c:
1305 3346 1458 3402 cedit
1491 3366 1526 3399 a
2068 3400 2077 3409 ,

353 3421 421 3476 V.
464 3420 712 3477 Titulwm
747 3440 814 3478 ex
851 3427 897 3476 Δ
935 3428 970 3475 c
1007 3422 1136 3477 dedi

2510 2967 2516 3157 ⁴
