2517 3909
716 794 807 877 P.
851 792 1327 879 PAPINII
1392 791 1763 877 STATII

543 950 608 1051 S
726 951 798 1064 I.¹
893 951 990 1054 L.
1075 951 1171 1051 U
1275 951 1374 1050 A
1480 950 1573 1046 R
1676 949 1766 1048 U
1873 949 1985 1046 M

928 1121 1372 1188 LIBER
1442 1121 1578 1188 ΙΙΙ.

741 1438 1043 1528 sTATmS
1099 1438 1383 1495 Pom-210·
1427 1437 1566 1495 SUO
1625 1438 1778 1494 SAL.

365 1584 733 1667 Tibifflcerte,
769 1585 936 1657 Polli
964 1585 1335 1652 dulcissime
1376 1588 1445 1650 et
1474 1584 1599 1650 hac
1628 1584 1731 1652 cui
1757 1588 1894 1649 tam
1920 1583 2195 1650 fideliter
2231 1585 2325 1658 in·
2369 1599 2405 1649 5

184 1672 412 1737 haeres
460 1673 675 1759 quiete
722 1674 1130 1760 dignissime,
1181 1696 1317 1739 non
1370 1674 1581 1742 habeo
1629 1673 1741 1737 diu
1783 1672 2188 1758 probandam
2244 1675 2323 1748 lia-

189 1761 505 1828 bellorum
552 1762 827 1827 istorum
870 1764 1327 1848 temeritatem,
1374 1784 1518 1828 cum
1565 1762 1730 1827 scias
1778 1762 2019 1827 multos
2067 1783 2143 1826 ex
2188 1762 2321 1827 illis

181 1852 250 1915 in
307 1851 456 1915 sinu
510 1853 624 1917 tuo
683 1853 899 1928 subito
954 1857 1146 1918 natos
1203 1856 1270 1917 et
1322 1852 1491 1917 hanc
1546 1850 1882 1917 audaciam
1928 1851 2065 1916 stili
2109 1852 2322 1916 nostri

187 1940 556 2025 frequenter
622 1942 988 2027 expaueris,
1053 1942 1354 2027 quotiens
1416 1941 1486 2004 in
1536 1940 1714 2004 illius
1768 1940 2112 2004 facundiae
2167 1943 2321 2005 tuae

179 2029 541 2112 penetralia
598 2029 896 2095 seductus
953 2031 1150 2095 altius
1216 2030 1472 2094 litteras
1537 2029 1711 2094 intro
1767 2032 1834 2092 et
1887 2028 1958 2092 in
2013 2030 2225 2093 omnis
2283 2052 2324 2094 a
2362 2044 2437 2096 10

179 2123 245 2181 te
294 2118 652 2183 studiorum
700 2120 882 2184 sinus
929 2120 1143 2187 ducor,
1218 2139 1481 2188 securus
1520 2118 1734 2201 itaque
1778 2117 2010 2181 tertius
2056 2117 2165 2182 hic
2211 2118 2323 2183 sil-

180 2228 411 2271 uarum
455 2212 831 2273 nostrarum
876 2208 1045 2273 liber
1089 2207 1170 2271 ad
1215 2210 1282 2271 te
1327 2206 1628 2284 mittitur.
1699 2206 2017 2271 habuerat
2062 2206 2325 2292 quidem

180 2299 246 2359 et
301 2295 616 2362 secundus
669 2299 933 2398 testem,
988 2296 1100 2360 sed
1155 2295 1264 2360 hic
1317 2295 1518 2359 habet
1563 2297 1908 2360 auctorem.
1992 2317 2147 2360 nam
2190 2297 2324 2380 pri-

182 2405 361 2449 mum
417 2384 619 2449 limen
679 2385 815 2449 eius
870 2383 1182 2450 Hercules
1239 2382 1658 2449 Surrentinus
1716 2384 1945 2468 aperit,
2004 2406 2197 2469 quem
2251 2385 2325 2449 in

182 2472 375 2539 litore
430 2478 544 2538 tuo
602 2476 1075 2555 consecratum,
1122 2472 1348 2537 statim
1393 2477 1466 2537 ut
1509 2472 1819 2555 uideram,
1863 2472 1967 2537 his
2023 2474 2321 2539 uersibus
2363 2489 2435 2541 15

183 2561 468 2627 adoraui.
553 2563 842 2646 sequitur
884 2562 1172 2644 libellus,
1232 2583 1361 2646 quo
1408 2523 2003 2645 splendidissimum
2049 2565 2116 2626 et
2160 2563 2324 2629 mihi

178 2650 709 2715 iocundissimum
753 2650 1080 2735 iuuenem,
1089 2613 1399 2714 Metium
1443 2648 1748 2734 Celerem,
1794 2672 1833 2714 a
1880 2650 2323 2718 sacratissimo

181 2739 574 2823 imperatore
631 2739 905 2804 missum
969 2739 1051 2803 ad
1104 2739 1431 2825 legionem
1490 2736 1858 2822 Syriacam,
1920 2740 2075 2824 quia
2140 2741 2324 2826 sequi

178 2849 310 2892 non
354 2831 679 2930 poteram,
735 2828 826 2893 sic
870 2832 1249 2912 prosecutus
1299 2850 1460 2892 sum.
1540 2827 1913 2892 merebatur
1956 2831 2022 2892 et
2067 2825 2326 2895 Claudii
2508 2889 2509 2916 ἦ

176 2914 441 2981 Etrusci
497 2917 626 2982 mei
681 2917 895 3001 pietas
952 2917 1215 3001 aliquod
1272 2938 1350 2981 ex
1407 2916 1636 2981 studiis
1693 2917 1935 2981 nostris
1992 2916 2323 3003 solatium,
2360 2933 2434 2985 20
2508 2921 2509 2924 ’

176 3027 323 3070 cum
387 3006 642 3092 lugeret
698 3007 871 3072 ueris
932 3005 1133 3091 (quod
1189 3006 1324 3071 iam
1377 3004 1785 3082 rarissimum
1841 3003 1970 3094 est)
2031 3005 2322 3072 lacrimis

1198 3122 1240 3140 δ

321 3216 403 3270 In
437 3216 598 3272 titulo
626 3216 866 3271 salutem
894 3219 940 3268 A
969 3221 1004 3268 o
1030 3217 1051 3285 ΙΙ
1078 3220 1110 3269 9
1141 3215 1434 3286 expaueris
1462 3218 1508 3267 A
1536 3220 1599 3269 σ.
1638 3229 1913 3284 expansas
1943 3220 1979 3269 ς
2007 3216 2027 3284 fl
2056 3221 2123 3270 10
2150 3233 2326 3298 pene-

175 3287 309 3341 trali
358 3291 404 3340 A
451 3293 502 3357 0,
537 3303 675 3343 corr.
715 3288 795 3342 ed.
837 3287 1026 3341 Parm.
1075 3286 1367 3356 penetrale
1409 3285 1731 3340 Politianus
1779 3288 1788 3354 Ι
1837 3286 2042 3367 omnis]
2091 3286 2328 3345 intimos

174 3359 478 3425 Bao-thiu&
508 3360 700 3428 potius
734 3359 877 3413 imos
903 3360 923 3427 ΙΙ
953 3364 1018 3412 13
1047 3362 1191 3425 puto
1226 3358 1287 3411 te
1322 3360 1528 3412 testem
1563 3359 1584 3426 ΙΙ
1619 3361 1686 3411 21
1726 3356 1841 3410 iam
1876 3356 2056 3411 rarisS.
2093 3361 2326 3429 scripsi.-

176 3430 586 3486 amarissimum
615 3436 650 3483 0
687 3448 722 3483 a
757 3428 936 3484 rariss.
979 3433 1015 3483 ς
