2517 3909
855 130 1255 183 mosmos
1302 132 1443 182 nm.
1480 134 1579 183 xl.
2096 122 2219 187 235

211 285 475 365 Vulgus,
522 294 584 348 et
624 284 834 347 affatus
873 287 1069 349 matris
1105 286 1491 369 blandamque
1531 299 1778 369 precatu

214 370 552 450 Antigonen
592 371 802 445 timeo,
845 371 1081 451 paulum
1119 390 1194 434 ne
1237 383 1439 436 nostra
1478 374 1741 435 retardet

215 454 505 527 Consilia;
549 456 683 535 ipse
724 456 930 533 etiam,
980 457 1080 537 qui
1121 475 1230 518 nos
1269 458 1493 520 lassare
1533 459 1831 539 precando
2119 471 2221 525 105

214 541 433 602 Suetus
479 549 542 602 et
583 539 826 601 ultrices
866 540 1167 603 oculorum
1208 560 1543 622 exposcere
1587 542 1766 621 diras,

213 625 337 687 Iam
381 634 553 705 pater
595 634 713 693 est3
765 635 939 686 coetu
984 626 1169 687 fertur
1210 628 1322 688 iam
1366 628 1533 689 solus
1572 628 1645 689 ab
1691 628 1846 689 omni

212 708 390 771 Flere
435 709 577 786 sibi,
623 718 798 788 atque
839 711 992 771 adeo
1029 728 1229 772 moror
1269 712 1398 791 ipsa
1440 714 1771 792 inrumpere
1815 710 2048 775 Thebas

211 793 649 875 Assuetumque
689 793 898 863 laremt
949 795 1053 856 tibi
1095 806 1300 875 pareat
1339 797 1529 876 inpius
1573 797 1733 875 exul,

212 878 676 958 Argolicumque
716 879 954 959 impelle
996 880 1197 951 nefas;
1240 899 1355 941 neu
1392 881 1544 942 mitis
1579 882 1866 944 Adrastus
2122 895 2224 948 ΠΟ

212 963 560 1025 Praevaleat
594 962 959 1044 plebesque,
1005 980 1184 1043 cave,
1226 964 1491 1028 Lernaea
1530 976 1810 1028 moretur.

212 1047 411 1125 Vade,
460 1057 521 1110 et
562 1049 622 1108 iu
663 1048 921 1109 alternas
962 1049 1191 1110 inimica
1231 1059 1539 1112 revertere
1582 1057 1858 1131 pugnas?

341 1129 505 1194 Talia
548 1134 797 1214 partitae
839 1132 1131 1194 diversum
1173 1134 1375 1195 abiere
1422 1152 1683 1196 sorores.

213 1215 293 1278 Ut
328 1215 516 1278 Notus
560 1226 622 1278 et
657 1216 882 1280 Boreas
924 1219 1156 1296 gemino
1200 1219 1277 1281 de
1322 1220 1558 1281 cardine
1600 1221 1816 1299 mundi,

211 1300 323 1362 Hie
357 1302 493 1363 nive
535 1300 834 1381 Rhipaea,
877 1301 1113 1380 Libyeis
1149 1303 1246 1365 hio
1289 1313 1493 1384 pastus
1529 1307 1722 1365 arenis
2119 1316 2220 1370 115

211 1385 381 1447 Bella
425 1387 608 1456 cient:
657 1386 907 1448 clamant
947 1404 1179 1466 amnes,
1218 1388 1403 1466 freta,
1447 1388 1674 1467 nubila,
1720 1388 1930 1466 silvae,

210 1468 448 1550 Iamque
491 1480 692 1552 patent
729 1479 994 1550 strages:
1040 1472 1324 1552 plangunt
1362 1491 1465 1535 sua
1498 1474 1707 1535 damna
1744 1475 1966 1551 coloni,

209 1554 289 1616 Et
330 1564 526 1616 tamen
569 1572 898 1636 oppressos
939 1557 1288 1617 miserantur
1326 1558 1385 1617 in
1428 1575 1689 1637 aequore
1732 1569 1956 1622 nautas.

209 1638 352 1701 Illas
389 1649 453 1702 ut
493 1656 715 1701 summo
755 1640 901 1702 vidit
943 1649 1113 1720 pater
1157 1641 1310 1702 altus
1347 1640 1598 1722 Olympo

209 1724 513 1786 Incestare
555 1724 742 1800 diem,
785 1725 1192 1805 trepidumque
1230 1725 1587 1806 Hyperionis
1627 1726 1832 1788 orbem
2122 1739 2224 1794 120

214 1809 479 1872 Suffundi
522 1809 798 1886 maculis,
844 1818 1016 1871 torvo
1061 1811 1149 1870 sio
1194 1811 1434 1871 inchoat
1474 1824 1618 1872 ore:

343 1893 639 1955 ‘Vidimus
681 1894 1018 1972 armiferos,
1063 1912 1179 1974 quo
1222 1896 1314 1956 fas
1358 1905 1486 1957 erat
1531 1913 1753 1977 usque,
1795 1891 2050 1973 furores,

213 1976 598 2056 coelicolae,
642 1977 950 2058 licitasque
994 1981 1189 2058 acies,
1235 1981 1348 2041 etsi
1390 1981 1546 2060 inpia
1593 1980 1754 2043 bella

209 2062 379 2125 Unus
419 2064 555 2140 init,
602 2079 895 2142 aususque
936 2081 1068 2126 mea
1111 2064 1504 2144 procumbere
1547 2066 1773 2127 dextra.

207 2147 263 2208 N
269 2164 382 2208 une
421 2165 530 2229 par
566 2146 856 2209 infandum
900 2149 1245 2228 miserisque
1288 2151 1582 2228 incognita
1619 2150 1794 2211 terris
2118 2156 2221 2217 125

209 2232 413 2310 Pugna
456 2231 686 2300 subest;
731 2232 960 2294 auferte
998 2234 1206 2295 oeulos
1223 2255 1239 2305 ;
1288 2234 1626 2296 absentibus
1670 2236 1858 2297 ausint

210 2314 332 2377 Ista
373 2316 535 2393 deis,
581 2315 913 2397 lateantque
954 2316 1184 2388 Iovem:
1233 2328 1326 2380 sat
1363 2319 1569 2381 funera
1612 2337 1851 2383 mensae

210 2399 567 2479 Tantaleae,
613 2410 674 2462 et
717 2412 918 2463 sontes
958 2402 1178 2464 vidisse
1218 2402 1509 2480 Lycaonis
1551 2421 1683 2466 aras

211 2483 291 2546 Et
334 2485 544 2547 festina
584 2486 728 2566 polo
774 2486 1056 2562 dueentes
1100 2498 1255 2549 astra
1299 2487 1600 2565 Mycenas.

211 2569 381 2630 Nune
424 2571 597 2631 etiam
637 2570 919 2632 turbanda
959 2570 1117 2639 ἀίεις
1163 2572 1316 2634 mala
1357 2572 1554 2633 nubila
1598 2571 1774 2635 tellus
2118 2584 2222 2641 130

212 2655 474 2734 Accipe,
522 2655 920 2735 secedantque
961 2655 1114 2735 poli;
1164 2666 1280 2719 stat
1310 2674 1573 2737 -paroere
1608 2659 1820 2721 mundo

214 2737 659 2818 Coelitibusque
704 2740 881 2809 mein
927 2739 1135 2802 saltem
1175 2759 1251 2802 ne
1294 2741 1534 2819 virginis
1578 2740 1764 2805 almae

213 2823 456 2900 Sidera,
500 2822 716 2885 Ledaei
758 2824 995 2885 videant
1034 2842 1148 2886 neu
1188 2825 1329 2887 talia
1369 2826 1630 2886 fratres?

213 2908 317 2970 Sic
358 2918 529 2988 pater
572 2909 974 2987 omnipotens,
1027 2910 1307 2989 visusque
1346 2909 1692 2972 nocentibus
1736 2911 1891 2974 arvis

209 2991 509 3070 Abstulit,
553 3001 614 3054 et
653 2992 808 3053 dulei
846 3001 1043 3053 terrae
1084 3011 1333 3055 caruere
1367 3011 1603 3055 sereno.
2118 3000 2220 3058 135

339 3076 575 3156 Iamque
618 3090 727 3157 per
763 3077 1077 3155 Argolicas
1120 3076 1321 3139 Erebo
1365 3088 1491 3140 sata
1533 3080 1705 3157 virgo
1742 3077 2021 3141 cobortes

209 3159 484 3239 vestigat
520 3161 815 3238 Polynieis
856 3163 970 3222 iter
1014 3163 1317 3242 portisque
1363 3162 1470 3224 sub
1514 3164 1661 3242 ipsis

208 3244 469 3321 Invenit,
513 3247 797 3307 incertum
839 3245 962 3307 leto
1002 3255 1088 3308 tot
1127 3246 1323 3326 iniqua
1365 3247 1581 3325 fugane

208 3327 437 3406 Exeat,
484 3338 543 3390 et
582 3328 790 3392 dubios
830 3329 1138 3392 turbabant
1179 3333 1369 3393 omina
1413 3348 1641 3393 sensus.

211 3412 491 3492 Viderat,
537 3413 787 3479 obscura
824 3414 1041 3478 vallum
1077 3415 1211 3478 dum
1241 3424 1422 3478 noete
1462 3423 1734 3496 pererrat
2114 3425 2221 3481 140
