2517 3909
941 147 1316 203 SILUARUM
1353 149 1415 204 L.
1454 150 1522 217 II,
1560 155 1611 203 4.
2258 149 2344 213 53

213 292 441 377 Sperat
460 319 471 328 ·
487 296 553 357 et
601 296 955 379 amplexus,
1000 293 1110 359 sed
1158 307 1472 379 aquarum
1521 293 1786 379 spiritus
1835 297 2010 359 arcet

208 381 341 447 Nec
388 383 638 465 patitur
682 387 914 449 tactuS.
1002 383 1267 448 tandem
1313 384 1595 448 eluctata
1641 384 1762 449 sub
1811 405 2002 449 auras

208 470 511 537 Libratur
554 472 759 538 fundo
805 494 1153 558 rursusque
1199 472 1403 537 enode
1450 494 1757 537 cacumen

207 559 555 645 Ingeniosa
598 562 794 644 leuat,
836 562 1042 626 ueluti
1088 561 1434 626 descendat
1478 562 1548 626 in
1593 563 1759 627 imos
2412 642 2425 653 -

212 648 426 734 Stirpe
474 651 656 715 lacus
703 651 853 715 alia.
941 651 1074 715 iam
1118 672 1237 715 nec
1283 649 1613 715 Phoebeia
1658 649 1822 716 Nais
2270 666 2340 715 60

209 736 358 803 Odit
404 741 472 803 et
517 740 807 805 exclusos
853 740 1092 804 inuitat
1138 740 1400 825 gurgite
1445 762 1680 805 ramos.

207 826 385 892 Haec
427 828 553 893 tibi
598 851 803 913 parua
849 829 1107 914 quidem
1155 828 1425 914 genitali
1471 830 1611 894 luce
1659 851 1961 912 paramus

205 916 413 1000 Dona,
461 918 571 982 sed
617 918 869 1003 ingenti
911 917 1137 982 forsan
1181 917 1434 982 uictura
1481 918 1600 983 sub
1650 939 1828 982 aeu0.

205 1004 319 1090 Tu,
367 1006 550 1071 cuius
594 1006 850 1091 placido
896 1028 1168 1091 posuere
1212 1008 1284 1071 in
1321 1010 1580 1090 pectore
1629 1006 1844 1071 sedem

203 1093 496 1160 Blandus
541 1096 752 1161 honos
798 1095 1150 1180 hilarisque
1196 1099 1419 1160 tamen
1466 1117 1610 1161 cum
1656 1096 1938 1180 pondere
1985 1095 2217 1180 uirtus,
2273 1110 2341 1160 65

142 1198 147 1202 ’
205 1180 327 1248 Cui
373 1205 492 1248 nec
535 1186 726 1270 pigra
771 1185 952 1269 quies
999 1206 1117 1249 nec
1162 1185 1387 1269 iniqua
1431 1185 1725 1268 potentia
1768 1206 1888 1249 nec
1934 1205 2082 1270 spes

202 1272 527 1358 Improba,
575 1273 687 1338 sed
732 1273 980 1338 medius
1028 1295 1144 1358 per
1184 1274 1466 1339 honesta
1511 1277 1578 1339 et
1624 1274 1834 1339 dulcia
1879 1274 2084 1359 limes,

205 1360 592 1446 Incorrupte
637 1362 828 1427 fidem
874 1363 1215 1447 nullosque
1265 1366 1523 1447 experte
1570 1364 1886 1428 tumultus

202 1449 293 1514 Et
341 1472 580 1534 secure,
625 1451 847 1535 palam
895 1452 1068 1536 quod
1112 1452 1351 1537 digeris
1400 1452 1624 1517 ordine
1669 1453 1896 1536 uitam,

203 1538 387 1603 Idem
437 1540 577 1604 auri
622 1539 836 1605 facilis
883 1544 1296 1625 contemptor
1340 1544 1406 1605 et
1451 1542 1733 1626 optimus
1779 1542 1950 1606 idem
2276 1555 2342 1604 ’το

203 1625 475 1693 Comere
523 1628 786 1693 diuitias
834 1630 1195 1715 opibusque
1240 1630 1593 1695 immittere
1640 1631 1880 1695 lucem:

199 1715 343 1780 Hac
388 1718 660 1803 longum
705 1717 940 1782 florens
991 1718 1193 1783 animi
1237 1741 1618 1804 morumque
1665 1721 1934 1785 iuuenta

200 1805 443 1872 Iliacos
491 1827 768 1891 aequare
816 1829 1002 1872 senes
1051 1810 1116 1871 et
1159 1808 1417 1873 uincere
1462 1812 1702 1892 persta,

203 1894 381 1970 Quos
427 1899 615 1979 pater
661 1895 920 1980 elysius,
968 1897 1265 1981 genetrix
1311 1919 1472 1981 quos
1521 1898 1756 1961 detulit
1801 1918 2036 1962 annos:

200 1981 349 2048 Hoc
394 1984 496 2048 illi
543 1984 736 2048 duras
783 2005 1129 2050 exorauere
1179 2008 1451 2070 sorores,
2271 1999 2338 2049 75

199 2069 363 2157 Hoc,
410 2094 574 2158 quae
619 2075 686 2137 te
733 2074 861 2138 sub'
898 2077 1065 2138 teste
1114 2075 1312 2139 situm
1357 2075 1651 2160 fugitura
1696 2078 2019 2139 tacentem

199 2160 429 2226 Ardua
474 2162 877 2247 magnanimi
924 2164 1265 2227 reuirescit
1310 2164 1520 2249 gloria
1563 2162 1799 2229 Blaesi.

1226 2410 1341 2477 IV.

881 2532 1280 2588 PSITTACUS
1318 2532 1663 2588 EIUSDEM.

197 2638 506 2724 Psittace,
553 2640 682 2704 dux
726 2641 1086 2726 uolucrum,
1132 2642 1378 2708 domini
1423 2642 1704 2708 facunda
1748 2642 2074 2727 uoluptaS,

199 2726 551 2794 Humanae
598 2729 822 2794 sollers
867 2730 1182 2815 imitator,
1226 2732 1525 2817 psittace,
1569 2732 1848 2817 linguae,

199 2816 363 2894 Quis
410 2821 528 2882 tua
572 2821 711 2883 tam
759 2819 974 2885 subito
1020 2821 1375 2903 praeclusit
1420 2841 1752 2885 murmura
1795 2819 1985 2884 fato?

196 2905 581 2992 Hesternas,
626 2907 1007 2993 miserande,
1053 2908 1249 2994 dapes
1297 2910 1648 2975 moriturus
1694 2909 1878 2974 inisti

344 3212 414 3262 69
462 3222 652 3263 secure
701 3207 942 3262 Markl..·
1000 3211 1209 3262 secrete
1255 3212 1303 3262 Δ
1349 3214 1384 3260 c
1442 3209 1451 3276 Ι
1511 3207 1663 3278 quod
1708 3213 1755 3260 Δ
1802 3213 1862 3261 c:
1912 3206 2010 3275 qui
2053 3206 2213 3261 Dom.
2264 3223 2342 3262 an

199 3284 351 3347 quo?
396 3280 418 3348 ΙΙ
466 3284 530 3333 ’11
591 3276 842 3334 Condere
897 3279 1015 3333 edd.
1023 3298 1045 3345 ,·
1101 3279 1361 3334 Promere
1415 3279 1783 3334 mezarmus
1826 3280 1846 3347 ΙΙ
1894 3284 1961 3332 74
2005 3276 2180 3347 elysia
2216 3284 2251 3330 c
2288 3296 2337 3347 a,

197 3351 430 3405 correxi.
470 3348 645 3419 elysio
682 3349 845 3405 Dom.
883 3348 902 3420 ΙΙ
940 3355 1005 3404 77
1043 3350 1348 3405 reuirescet
1381 3354 1428 3404 Δ
1466 3356 1519 3418 c,
1556 3366 1693 3405 corr.
1734 3355 1770 3405 ς
1804 3353 1813 3418 1
1844 3349 2017 3404 Μῦεεί
2052 3354 2099 3401 Δ
2136 3355 2171 3400 c

343 3420 438 3476 IV.
480 3426 515 3474 4
552 3420 854 3476 Hesternas
895 3425 930 3474 ς
944 3442 957 3474 =
995 3421 1268 3477 Externas
1307 3427 1342 3473 c
1381 3439 1415 3473 a
1449 3420 1741 3475 Extremas
1781 3418 1991 3474 Markl.
