2517 3909
349 115 470 179 160
736 127 800 177 P.
842 126 1108 176 mrum
1145 125 1377 175 sum
1415 125 1624 176 rnen.
1662 126 1802 175 mn.
1847 128 1970 176 vn.

343 284 673 363 Deceptum
716 281 856 359 tibi,
900 279 1173 359 Phoebe,
1219 282 1405 343 larem
1455 300 1798 362 poenasque
1841 283 2130 345 nefandae

348 369 627 445 Coniugis
668 376 729 428 et
772 366 1075 446 pulchrum
1117 368 1234 428 nati
1279 368 1623 428 commendo
1667 367 1968 430 furorem)

468 452 718 513 Desiluit
755 469 1067 529 moerens,
1112 450 1498 531 lacrimasque
1540 453 1750 512 avertit
1789 452 2030 531 Apollo.

345 538 508 599 Tunc
544 554 688 597 vero
730 536 1006 614 ingemuit
1047 553 1366 615 currusque
1406 536 1655 616 orbique
1688 537 1934 615 iugales.

343 622 478 683 Non
521 622 692 682 aliter
733 639 917 682 caeco
959 623 1225 682 nocturni
1267 619 1494 682 turbine
1539 619 1680 682 Cori

346 708 471 769 Scit
512 707 769 785 peritura
810 707 984 781 ratis,
1029 724 1201 785 quum
1242 707 1354 768 iam
1391 706 1650 768 damnata
1688 706 1909 766 sororis

346 791 490 870 Igne
533 789 897 869 Therapnaei
941 790 1216 868 fugerunt
1255 789 1500 852 carbasa
1535 791 1769 851 fratres.

345 875 582 954 Iamque
623 893 970 936 recessurae
1016 874 1288 953 paulatim
1328 875 1682 938 horrescere
1727 884 1922 935 terrae

346 962 692 1038 Summaque
736 969 903 1037 terga
943 960 1131 1039 quati,
1176 960 1534 1037 graviorque
1577 960 1869 1020 effervere
1909 960 2101 1039 pulvis

349 1044 646 1124 Coeperat
658 1068 673 1116 ;
708 1044 936 1106 inferno
975 1044 1156 1120 mugit
1191 1046 1305 1106 iam
1336 1061 1624 1106 murmure
1669 1062 1924 1122 campus.

269 1142 274 1147 ’
345 1130 507 1190 Bella
554 1138 751 1208 putant
792 1129 1005 1208 trepidi
1046 1127 1310 1207 bellique
1351 1128 1504 1188 bunc
1548 1147 1686 1190 esse
1727 1128 2046 1207 fragorem,
2105 1197 2109 1202 ,

343 1214 773 1293 Hortanturque
817 1213 1058 1290 gradus3
1108 1213 1255 1273 alius
1298 1223 1515 1274 tremor
1555 1231 1714 1273 arma
1751 1215 2030 1292 virosque

343 1297 737 1379 Mirantesque
779 1298 1013 1359 inclinat
1056 1316 1272 1375 equos;
1318 1299 1431 1359 iam
1469 1297 1716 1359 frondea
1750 1306 1947 1359 nutant

347 1382 638 1459 Culmina,
682 1384 792 1443 iam
836 1382 1014 1457 muri,
1058 1383 1321 1460 ripisque
1359 1381 1622 1444 Ismenos
1666 1383 1887 1461 apertis

344 1467 591 1546 Effugit3
638 1467 981 1527 exciderunt
1022 1468 1183 1542 irae,
1221 1469 1475 1530 nutantia
1519 1468 1699 1545 figunt

348 1551 490 1612 Tela
535 1551 696 1626 solo,
736 1550 1057 1629 dubiasque
1101 1554 1236 1628 vagi
1280 1553 1532 1612 nituntur
1574 1554 1633 1611 in
1664 1552 1861 1612 hastas

347 1634 619 1697 Cominus
665 1637 838 1713 inque
881 1635 1070 1695 vicem
1112 1637 1240 1695 viso
1284 1635 1513 1715 pallore
1555 1636 1856 1697 recedunt.

478 1722 578 1781 Sic
621 1719 715 1779 ubi
758 1720 995 1780 navales
1038 1721 1245 1780 miscet
1290 1739 1473 1798 super
1507 1738 1766 1799 aequora
1803 1737 2029 1798 pugnas

349 1802 693 1884 Contempto
735 1804 978 1865 Bellona
1013 1806 1186 1881 mari,
1229 1807 1281 1865 si
1313 1806 1469 1866 forte
1513 1805 1767 1883 benigna

346 1888 718 1969 Tempestas;
765 1889 877 1949 sibi
922 1891 1168 1970 quisque
1203 1898 1443 1966 cavent,
1488 1885 1781 1968 ensesque
1825 1887 2095 1950 recondit

345 1974 504 2035 Mors
542 1975 687 2051 alia,
731 1983 790 2033 et
833 1977 982 2034 socii
1021 1992 1227 2052 pacem
1270 1975 1472 2035 fecere
1513 1976 1772 2035 timores.

346 2059 506 2120 Talis
549 2067 673 2119 erat
715 2076 919 2137 campo
963 2057 1103 2119 belli
1145 2059 1417 2120 fluitantis
1461 2060 1677 2137 imago.

470 2146 610 2204 Sive
651 2142 986 2205 laborantes
1028 2153 1320 2221 concepto
1364 2143 1593 2204 flamine
1638 2153 1837 2206 terrae

346 2228 666 2289 Ventorum
704 2226 923 2287 rabiem
963 2236 1022 2288 et
1066 2227 1323 2290 clausum
1366 2229 1604 2289 eiecere
1647 2229 1923 2303 furorem,

347 2312 560 2373 Exedit
602 2331 709 2373 seu
751 2321 922 2391 putre
966 2311 1153 2373 solum
1189 2313 1528 2392 carpsitque
1572 2311 1816 2373 terendo

347 2397 512 2458 Unda
553 2398 774 2474 latenS,
817 2398 945 2457 sive
988 2397 1101 2458 hac
1142 2397 1437 2458 volventis
1474 2398 1738 2459 machina
1775 2398 1930 2458 coeli

345 2481 640 2558 Incubuit,
686 2483 811 2542 sive
855 2499 1026 2542 omne
1060 2481 1271 2544 fretum
1304 2481 1594 2559 Neptunia
1630 2483 1812 2543 movit

353 2564 565 2646 Cuspis
610 2576 668 2626 et
705 2577 994 2627 extremas
1035 2568 1273 2644 gravius
1314 2584 1473 2627 mare
1517 2568 1685 2628 torsit
1725 2569 1782 2626 in
1822 2584 1981 2642 oras,

350 2651 469 2712 Seu
510 2651 626 2710 vati
668 2650 834 2711 datus
874 2652 975 2712 ille
1019 2651 1256 2729 fragor,
1298 2669 1406 2711 seu
1448 2659 1606 2712 terra
1645 2652 1855 2713 minata
1893 2661 1986 2712 est

346 2732 681 2804 Fratribns;
732 2754 877 2796 ecce
916 2734 1033 2796 alte
1076 2753 1371 2815 praeceps
1410 2735 1615 2796 humus
1652 2753 1757 2796 ore
1800 2735 2091 2815 profundo

347 2819 607 2895 Dissilit,
652 2820 826 2898 inque
868 2821 1059 2880 vicem
1103 2828 1459 2883 tremuerunt
1501 2821 1698 2881 sidera
1740 2830 1799 2881 et
1842 2820 2104 2881 umbrae.

346 2904 516 2965 Illum
557 2905 763 2982 ingens
806 2905 993 2965 haurit
1035 2922 1285 2983 specus,
1331 2913 1392 2965 et
1429 2907 1677 2966 transire
1720 2915 1994 2983 parantes

349 2987 559 3067 Mergit
604 3006 822 3067 equos,
869 3006 986 3047 nou
1028 3007 1184 3049 arma
1226 3007 1428 3066 manu,
1474 3006 1592 3050 non
1633 2989 1802 3051 frena
1844 2992 2086 3068 remisit,

351 3074 512 3134 Sicut
553 3082 710 3148 erat,
756 3080 956 3132 rectos
997 3072 1191 3134 defert
1232 3075 1291 3134 in
1333 3082 1551 3136 tartara
1590 3092 1794 3135 currus

346 3157 749 3237 Respexitque
793 3156 1007 3217 cadens
1043 3158 1273 3219 coelum
1319 3176 1699 3238 campumque
1732 3160 1894 3220 coire

343 3240 664 3319 Ingemuit,
707 3241 899 3302 donec
939 3240 1128 3302 levior
1165 3242 1437 3304 distantia
1478 3261 1681 3304 rursus

343 3323 573 3386 Miscuit
612 3343 751 3387 arva
796 3334 1016 3387 tremor
1052 3326 1359 3405 lucemque
1402 3329 1654 3390 exclusit
1688 3327 1945 3390 Averno.

2238 545 2345 602 790

2242 968 2343 1024 ⁷95

2239 2658 2341 2712 ω

2237 3083 2338 3137 820
