2517 3909
312 110 431 175 184
961 166 966 171 .
990 125 1054 173 P.
1088 124 1356 173 Parnm
1398 123 1629 197 snm

306 280 490 342 Tecta
529 279 752 357 libens,
805 279 957 340 unde
1000 279 1151 341 haud
1191 280 1342 342 alius
1380 282 1737 357 remeasset,
1781 279 1973 357 adisti,

306 365 431 427 Ceu
475 364 698 426 tibimet
737 374 972 445 sceptra
1012 373 1071 425 et
1115 368 1390 445 proprios
1432 366 1651 426 laturus
1694 365 1970 425 honores.

302 452 422 512 Iam
462 449 778 511 Telamona
818 452 1006 529 pium,
1057 451 1169 510 iam
1209 449 1442 510 Thesea
1484 449 1633 510 fama
1673 448 1925 510 tacebat.

306 535 508 610 Qualis
552 542 610 594 et
654 552 800 595 ecce
838 531 1041 595 iaces?
1086 552 1235 615 quae
1276 535 1518 615 primum
1557 534 1800 595 vulnera
1842 531 2061 594 mirer?

307 620 451 695 Quis
472 628 603 679 tuus
624 618 753 696 hic,
799 621 927 699 quis
951 619 1022 699 ab
1048 619 1219 680 hoste
1246 616 1462 679 cruor?
1508 637 1656 698 quae
1678 628 1738 679 te
1763 620 1988 697 agmina
2015 620 2203 699 quive
2256 630 2338 685 7o

303 705 591 765 Innumeri
631 712 895 764 stravere
940 701 1148 782 globi?
1189 706 1246 764 ni
1289 702 1496 782 fallor,
1540 714 1599 764 et
1642 706 1770 783 ipse

304 789 511 851 Invidit
553 797 753 867 pater,
798 797 857 849 et
898 797 1021 849 tota
1062 786 1217 849 Mars
1264 788 1468 867 inpulit
1510 788 1723 849 hasta?
1768 788 1775 793 ’

432 874 531 934 Sic
571 874 681 949 ait,
730 881 789 933 et
830 889 1102 933 moerens
1146 875 1448 934 etiamnum
1494 872 1714 934 lubrica
1755 871 1894 933 taho

306 957 423 1019 Ora
465 958 576 1017 viri
617 958 792 1035 tergit
837 958 1088 1018 lacrimis
1134 958 1514 1036 dextramque
1558 959 1808 1037 reponit.

305 1042 506 1103 ‘Tune
547 1058 715 1102 meos
762 1041 963 1102 hostes
1006 1040 1307 1122 hucusque
1354 1060 1603 1118 exosus,
1651 1050 1709 1102 et
1748 1041 1901 1102 ultra
2151 1038 2161 1047 ’
2257 1053 2331 1108 75

305 1129 531 1207 Sospes
575 1143 689 1205 ego
706 1124 772 1187 ‘l’
843 1125 1104 1187 Exaerat
1145 1129 1354 1206 vagina
1394 1126 1656 1187 turbidus
1698 1144 1900 1186 ensem
2484 1192 2485 1207 χ

304 1211 674 1291 Aptabatque
717 1211 880 1290 neci,
927 1214 1169 1273 comites
1211 1222 1488 1288 tenuere,
1533 1228 1822 1289 socerque
2410 1264 2421 1275 .
2482 1210 2485 1291 j

308 1295 570 1375 Castigat
609 1295 874 1375 bellique
917 1298 1083 1357 vices
1127 1314 1197 1357 ac
1240 1296 1359 1358 sata
1397 1295 1714 1356 revolvens
2484 1304 2485 1307 ’

305 1381 540 1442 Solatur
580 1379 880 1456 tumidum,
927 1381 1223 1461 longeque
1270 1399 1303 1440 a
1350 1397 1601 1461 corpore
1646 1397 1783 1441 caro

302 1465 611 1542 Paulatim,
652 1463 804 1524 unde
847 1464 1019 1525 dolor
1057 1466 1280 1545 letique
1325 1467 1582 1526 animosa
1621 1465 1910 1539 voluntas,
2247 1477 2327 1530 80

302 1549 555 1609 Amovet
598 1567 670 1609 ac
712 1550 890 1609 tacite
937 1549 1154 1610 ferrum
1196 1552 1347 1610 inter
1387 1550 1571 1611 verba
1611 1545 1861 1629 reponit.

301 1633 546 1693 Ducitur
581 1635 792 1694 amisso
838 1635 1025 1715 qualis
1070 1644 1345 1695 consorte
1388 1634 1653 1704 laborum

301 1717 540 1778 Deserit
581 1719 870 1798 inceptum
914 1719 1100 1779 media
1145 1722 1296 1780 inter
1339 1721 1544 1797 iugera
1584 1718 1807 1780 sulcum

303 1801 526 1863 Taurus
568 1805 725 1863 iners
771 1803 1049 1883 colloque
1092 1804 1288 1882 iugum
1332 1803 1592 1865 deforme
1639 1806 1884 1864 remisso

300 1886 471 1948 Parte
512 1888 716 1964 trahit,
756 1897 980 1968 partem
1021 1888 1327 1948 lacrimans
1369 1897 1649 1950 sustentat
1684 1897 1895 1949 arator.
2241 1896 2316 1950 85

427 1970 591 2033 Ecce
632 1982 820 2032 autem
865 1973 1123 2033 hortatus
1165 1972 1462 2051 Eteoclis,
1511 1984 1569 2034 et
1615 1991 1769 2035 arma
1810 1974 2017 2049 secuti,

298 2055 480 2117 Lecta
520 2074 752 2132 manus,
795 2058 1068 2134 iuvenes,
1114 2075 1261 2138 quos
1306 2075 1418 2118 nec
1458 2057 1715 2118 Tritonia
1758 2056 1943 2132 bello,

299 2140 430 2201 Nec
474 2158 663 2221 prope
711 2140 924 2203 collata
964 2144 1289 2221 sprevisset
1332 2143 1573 2222 cuspide
1612 2141 1868 2218 Mavors,

300 2224 661 2296 Adventant;
720 2235 920 2287 contra
966 2226 1218 2287 collecta
1261 2236 1323 2287 ut
1360 2236 1606 2307 pectora
1647 2244 1883 2306 parmae

299 2309 538 2372 Fixerat
578 2316 750 2390 atque
794 2311 1016 2371 hastam
1062 2311 1238 2389 longe
1283 2311 1695 2392 protenderat,
1739 2310 1949 2372 haeret
2236 2321 2315 2376 90

297 2393 534 2455 Arduus
573 2394 1013 2475 Hippomedom
1063 2414 1171 2455 ceu
1213 2395 1483 2456 fluctibus
1529 2396 1700 2457 obvia
1740 2413 1939 2475 rupes,

304 2476 411 2538 Cui
455 2497 647 2558 neque
693 2481 766 2542 de
811 2481 984 2542 coelo
1028 2490 1214 2542 metus
1260 2489 1320 2540 et
1368 2480 1550 2541 fracta
1596 2497 1851 2559 aequora
1897 2479 2133 2557 cedunt,

301 2563 429 2622 Stat
473 2566 694 2624 cunctis
737 2566 948 2626 inmota
989 2566 1188 2641 minis,
1233 2566 1396 2625 timet
1436 2567 1567 2646 ipse
1609 2566 1897 2643 rigentem

300 2646 552 2723 Pontus,
600 2658 659 2708 et
699 2667 775 2709 ex
817 2650 936 2710 alto
980 2650 1230 2710 miserae
1275 2667 1496 2710 novere
1542 2652 1793 2710 carinae.

428 2730 589 2792 Tunc
611 2734 774 2810 prior
796 2734 1057 2794 Aonides
1081 2769 1161 2781 —
1183 2733 1427 2794 validam
1451 2734 1618 2794 simul
1646 2734 1806 2795 elicit
1827 2733 2051 2793 hastam
2074 2756 2186 2793 —-‹:
2235 2743 2306 2797 95

301 2815 468 2876 ‘Non
509 2815 689 2896 pudet
728 2816 838 2877 hos
881 2816 1115 2895 Manes,
1161 2819 1309 2879 haec
1352 2819 1681 2880 infamantia
1724 2818 1944 2880 bellum

299 2901 526 2961 Funera
575 2899 663 2961 dis
708 2917 904 2961 coram
947 2911 1005 2962 et
1049 2903 1222 2964 coelo
1265 2905 1625 2983 inspectante
1670 2900 1867 2963 tueri?

299 2986 545 3047 Scilicet
587 2986 862 3063 egregius
908 2985 1085 3046 sudor
1126 2988 1630 3067 memorandaque.
1656 2989 1840 3048 virtus

296 3070 461 3131 Hanc
499 3069 781 3131 tumulare
823 3068 1048 3130 feram?
1090 3090 1166 3132 ne
1208 3089 1325 3132 non
1368 3070 1763 3132 moerentibus
1804 3072 2004 3150 Argos

297 3152 582 3234 Exequiis
625 3154 1010 3216 lacrimandus
1052 3156 1174 3216 eat!
1224 3156 1502 3236 mollique
1545 3156 1769 3217 feretro
2200 3167 2307 3219 loo

297 3236 592 3300 Infandam
640 3240 896 3300 eiectans
937 3237 1196 3299 saniem?
1252 3241 1514 3302 dimittite
1555 3259 1769 3302 curam.
2472 3234 2475 3299 l

298 3319 510 3382 Nullae
548 3322 709 3384 illum
752 3324 1058 3400 volucres,
1108 3324 1266 3385 nulla
1308 3326 1462 3405 inpia
1505 3334 1760 3386 monstra
1803 3341 1917 3384 nec
1959 3324 2112 3403 ipse,
2474 3316 2475 3323 '

302 3402 366 3462 Si
407 3403 637 3485 demus,
680 3408 809 3488 pins
851 3408 1004 3486 ignis
1047 3407 1224 3468 edat?
1307 3408 1435 3470 Nec
1479 3410 1680 3491 plura,
1727 3409 1833 3470 sed
1875 3410 2085 3488 ingens
