<?xml version="1.0" encoding="UTF-8"?>
<!DOCTYPE html PUBLIC "-//W3C//DTD XHTML 1.0 Transitional//EN"
    "http://www.w3.org/TR/xhtml1/DTD/xhtml1-transitional.dtd">
<html xmlns="http://www.w3.org/1999/xhtml" xml:lang="en" lang="en">
 <head>
  <title>
</title>
<meta http-equiv="Content-Type" content="text/html;charset=utf-8" />
  <meta name='ocr-system' content='tesseract 3.04.00' />
  <meta name='ocr-capabilities' content='ocr_page ocr_carea ocr_par ocr_line ocrx_word'/>
</head>
<body>
  <div class='ocr_page' id='page_1' title='image "./ppapiniusstatiu00placgoog_0030.png"; bbox 0 0 2517 3909; ppageno 0'>
   <div class='ocr_carea' id='block_1_1' title="bbox 179 185 1583 249">
    <p class='ocr_par' dir='ltr' id='par_1_1' title="bbox 179 185 1583 249">
     <span class='ocr_line' id='line_1_1' title="bbox 179 185 1583 249; baseline 0.004 -14"><span class='ocrx_word' id='word_1_1' title='bbox 179 186 220 249; x_wconf 84' lang='lat'>6</span> <span class='ocrx_word' id='word_1_2' title='bbox 924 185 986 239; x_wconf 90' lang='grc' dir='ltr'><strong>Ρ.</strong></span> <span class='ocrx_word' id='word_1_3' title='bbox 1022 185 1303 241; x_wconf 85' lang='grc' dir='ltr'><strong>ΡΑΡΙΝΠ</strong></span> <span class='ocrx_word' id='word_1_4' title='bbox 1340 186 1583 243; x_wconf 83' lang='lat' dir='ltr'>STATII</span> 
     </span>
    </p>
   </div>
   <div class='ocr_carea' id='block_1_2' title="bbox 172 331 2403 861">
    <p class='ocr_par' dir='ltr' id='par_1_2' title="bbox 172 331 2403 861">
     <span class='ocr_line' id='line_1_2' title="bbox 176 331 2312 418; baseline 0.001 -22"><span class='ocrx_word' id='word_1_5' title='bbox 176 332 437 418; x_wconf 83' lang='lat' dir='ltr'><strong>longius</strong></span> <span class='ocrx_word' id='word_1_6' title='bbox 491 332 798 414; x_wconf 82' lang='lat' dir='ltr'><strong>tractum,</strong></span> <span class='ocrx_word' id='word_1_7' title='bbox 856 331 1174 416; x_wconf 80' lang='lat' dir='ltr'><strong>quaedam</strong></span> <span class='ocrx_word' id='word_1_8' title='bbox 1231 334 1298 397; x_wconf 90' lang='lat' dir='ltr'><strong>et</strong></span> <span class='ocrx_word' id='word_1_9' title='bbox 1350 332 1421 396; x_wconf 88' lang='lat' dir='ltr'><strong>in</strong></span> <span class='ocrx_word' id='word_1_10' title='bbox 1475 332 1750 417; x_wconf 82' lang='lat' dir='ltr'><strong>singulis</strong></span> <span class='ocrx_word' id='word_1_11' title='bbox 1811 332 2036 398; x_wconf 87' lang='lat' dir='ltr'><strong>diebus</strong></span> <span class='ocrx_word' id='word_1_12' title='bbox 2082 334 2312 418; x_wconf 81' lang='lat' dir='ltr'><strong>effusa3</strong></span> 
     </span>
     <span class='ocr_line' id='line_1_3' title="bbox 178 420 2403 507; baseline 0.002 -21"><span class='ocrx_word' id='word_1_13' title='bbox 178 442 570 507; x_wconf 89' lang='lat' dir='ltr'><strong>quamquam</strong></span> <span class='ocrx_word' id='word_1_14' title='bbox 628 420 828 484; x_wconf 91' lang='lat' dir='ltr'><strong>timeo</strong></span> <span class='ocrx_word' id='word_1_15' title='bbox 874 441 957 484; x_wconf 91' lang='lat' dir='ltr'><strong>ne</strong></span> <span class='ocrx_word' id='word_1_16' title='bbox 1003 441 1230 485; x_wconf 90' lang='lat' dir='ltr'><strong>uerum</strong></span> <span class='ocrx_word' id='word_1_17' title='bbox 1277 420 1444 485; x_wconf 88' lang='lat' dir='ltr'><strong>istuc</strong></span> <span class='ocrx_word' id='word_1_18' title='bbox 1489 442 1715 485; x_wconf 87' lang='lat' dir='ltr'><strong>uersus</strong></span> <span class='ocrx_word' id='word_1_19' title='bbox 1763 443 2018 507; x_wconf 88' lang='lat' dir='ltr'><strong>quoque</strong></span> <span class='ocrx_word' id='word_1_20' title='bbox 2062 423 2188 506; x_wconf 87' lang='lat' dir='ltr'><strong>ipsi</strong></span> <span class='ocrx_word' id='word_1_21' title='bbox 2234 423 2312 488; x_wconf 91' lang='lat' dir='ltr'><strong>de</strong></span> <span class='ocrx_word' id='word_1_22' title='bbox 2335 443 2403 492; x_wconf 80' lang='lat'><strong>20</strong></span> 
     </span>
     <span class='ocr_line' id='line_1_4' title="bbox 176 508 2314 595; baseline 0.001 -20"><span class='ocrx_word' id='word_1_23' title='bbox 176 532 245 575; x_wconf 90' lang='lat' dir='ltr'><strong>se</strong></span> <span class='ocrx_word' id='word_1_24' title='bbox 289 510 585 595; x_wconf 90' lang='lat' dir='ltr'><strong>probent.</strong></span> <span class='ocrx_word' id='word_1_25' title='bbox 673 509 921 591; x_wconf 88' lang='lat' dir='ltr'><strong>primus</strong></span> <span class='ocrx_word' id='word_1_26' title='bbox 966 508 1223 574; x_wconf 88' lang='lat' dir='ltr'><strong>libellus</strong></span> <span class='ocrx_word' id='word_1_27' title='bbox 1281 513 1766 575; x_wconf 87' lang='lat' dir='ltr'><strong>sacrosanctum</strong></span> <span class='ocrx_word' id='word_1_28' title='bbox 1810 510 2011 575; x_wconf 90' lang='lat' dir='ltr'><strong>habet</strong></span> <span class='ocrx_word' id='word_1_29' title='bbox 2054 514 2314 577; x_wconf 89' lang='lat' dir='ltr'><strong>testem:</strong></span> 
     </span>
     <span class='ocr_line' id='line_1_5' title="bbox 172 597 2336 773; baseline 0 -20"><span class='ocrx_word' id='word_1_30' title='bbox 172 598 781 772; x_wconf 57' lang='grc' dir='ltr'><strong>ἰὲῗὲίἓῗᾞοῗᾞ</strong></span> <span class='ocrx_word' id='word_1_31' title='bbox 828 597 1088 772; x_wconf 54' lang='grc' dir='ltr'><strong>θέζὲηῃί</strong></span> <span class='ocrx_word' id='word_1_32' title='bbox 1130 597 1723 771; x_wconf 56' lang='grc' dir='ltr'><strong>ξὲἓέἑῗῗᾞέἓῗ</strong></span> <span class='ocrx_word' id='word_1_33' title='bbox 1733 597 2336 773; x_wconf 53' lang='lat' dir='ltr'><strong>{ndffiffigffi</strong></span> 
     </span>
     <span class='ocr_line' id='line_1_6' title="bbox 172 776 2315 861; baseline 0.001 -21"><span class='ocrx_word' id='word_1_34' title='bbox 172 776 548 861; x_wconf 89' lang='lat' dir='ltr'><strong>imperatori</strong></span> <span class='ocrx_word' id='word_1_35' title='bbox 609 778 872 860; x_wconf 87' lang='lat' dir='ltr'><strong>postero</strong></span> <span class='ocrx_word' id='word_1_36' title='bbox 938 776 1040 841; x_wconf 91' lang='lat' dir='ltr'><strong>die</strong></span> <span class='ocrx_word' id='word_1_37' title='bbox 1105 798 1300 861; x_wconf 90' lang='lat' dir='ltr'><strong>quam</strong></span> <span class='ocrx_word' id='word_1_38' title='bbox 1365 777 1771 842; x_wconf 87' lang='lat' dir='ltr'><strong>dedicauerat</strong></span> <span class='ocrx_word' id='word_1_39' title='bbox 1835 799 1996 861; x_wconf 91' lang='lat' dir='ltr'><strong>opus</strong></span> <span class='ocrx_word' id='word_1_40' title='bbox 2059 778 2315 843; x_wconf 90' lang='lat' dir='ltr'><strong>tradere</strong></span> 
     </span>
    </p>
   </div>
   <div class='ocr_carea' id='block_1_3' title="bbox 172 864 2500 951">
    <p class='ocr_par' dir='ltr' id='par_1_3' title="bbox 172 864 2500 951">
     <span class='ocr_line' id='line_1_7' title="bbox 172 864 2500 951; baseline 0.002 -22"><span class='ocrx_word' id='word_1_41' title='bbox 172 866 387 930; x_wconf 90' lang='lat' dir='ltr'><strong>iussus</strong></span> <span class='ocrx_word' id='word_1_42' title='bbox 427 887 589 931; x_wconf 89' lang='lat' dir='ltr'><strong>sum.</strong></span> <span class='ocrx_word' id='word_1_43' title='bbox 666 864 969 948; x_wconf 86' lang='lat' dir='ltr'><strong>potuisti</strong></span> <span class='ocrx_word' id='word_1_44' title='bbox 1006 864 1200 929; x_wconf 89' lang='lat' dir='ltr'><strong>illud&#39;</strong></span> <span class='ocrx_word' id='word_1_45' title='bbox 1240 866 1411 930; x_wconf 89' lang='lat' dir='ltr'><strong>dicet</strong></span> <span class='ocrx_word' id='word_1_46' title='bbox 1448 865 1680 951; x_wconf 87' lang='lat' dir='ltr'><strong>aliquis</strong></span> <span class='ocrx_word' id='word_1_47' title='bbox 1719 864 1817 929; x_wconf 79' lang='lat' dir='ltr'><strong>‘et</strong></span> <span class='ocrx_word' id='word_1_48' title='bbox 1844 869 1996 931; x_wconf 86' lang='lat' dir='ltr'><strong>ante</strong></span> <span class='ocrx_word' id='word_1_49' title='bbox 2023 866 2297 931; x_wconf 83' lang='lat' dir='ltr'><strong>uidisse&#39;</strong></span> <span class='ocrx_word' id='word_1_50' title='bbox 2301 917 2316 931; x_wconf 90' lang='lat'>.</span> <span class='ocrx_word' id='word_1_51' title='bbox 2336 885 2404 934; x_wconf 83' lang='lat'><strong>25</strong></span> <span class='ocrx_word' id='word_1_52' title='bbox 2499 871 2500 888; x_wconf 70' lang='lat'><em>²</em></span> 
     </span>
    </p>
   </div>
   <div class='ocr_carea' id='block_1_4' title="bbox 171 952 2409 2194">
    <p class='ocr_par' dir='ltr' id='par_1_4' title="bbox 171 952 2409 2194">
     <span class='ocr_line' id='line_1_8' title="bbox 173 952 2317 1039; baseline 0 -21"><span class='ocrx_word' id='word_1_53' title='bbox 173 953 595 1038; x_wconf 78' lang='lat' dir='ltr'>respondebis</span> <span class='ocrx_word' id='word_1_54' title='bbox 658 953 755 1017; x_wconf 92' lang='lat' dir='ltr'><strong>illi</strong></span> <span class='ocrx_word' id='word_1_55' title='bbox 818 956 892 1017; x_wconf 90' lang='lat' dir='ltr'><strong>tu</strong></span> <span class='ocrx_word' id='word_1_56' title='bbox 900 1004 920 1039; x_wconf 77' lang='lat'><em>,</em></span> <span class='ocrx_word' id='word_1_57' title='bbox 986 952 1188 1019; x_wconf 84' lang='lat' dir='ltr'><strong>Stella</strong></span> <span class='ocrx_word' id='word_1_58' title='bbox 1252 955 1613 1039; x_wconf 81' lang='lat' dir='ltr'><strong>carissime,</strong></span> <span class='ocrx_word' id='word_1_59' title='bbox 1677 954 1789 1039; x_wconf 89' lang='lat' dir='ltr'><strong>qui</strong></span> <span class='ocrx_word' id='word_1_60' title='bbox 1851 955 2317 1039; x_wconf 67' lang='lat' dir='ltr'><strong>epithalamion</strong></span> 
     </span>
     <span class='ocr_line' id='line_1_9' title="bbox 172 1041 2317 1128; baseline 0 -21"><span class='ocrx_word' id='word_1_61' title='bbox 172 1048 375 1127; x_wconf 86' lang='lat' dir='ltr'><strong>tuum,</strong></span> <span class='ocrx_word' id='word_1_62' title='bbox 412 1042 586 1128; x_wconf 91' lang='lat' dir='ltr'><strong>quod</strong></span> <span class='ocrx_word' id='word_1_63' title='bbox 613 1041 777 1106; x_wconf 90' lang='lat' dir='ltr'><strong>mihi</strong></span> <span class='ocrx_word' id='word_1_64' title='bbox 802 1042 1194 1128; x_wconf 86' lang='lat' dir='ltr'><strong>iniunxeras,</strong></span> <span class='ocrx_word' id='word_1_65' title='bbox 1232 1044 1358 1107; x_wconf 90' lang='lat' dir='ltr'><strong>scis</strong></span> <span class='ocrx_word' id='word_1_66' title='bbox 1386 1043 1585 1108; x_wconf 88' lang='lat' dir='ltr'><strong>biduo</strong></span> <span class='ocrx_word' id='word_1_67' title='bbox 1614 1044 1945 1127; x_wconf 88' lang='lat' dir='ltr'><strong>scriptum.</strong></span> <span class='ocrx_word' id='word_1_68' title='bbox 2012 1044 2317 1109; x_wconf 80' lang='lat' dir='ltr'><strong>audacter</strong></span> 
     </span>
     <span class='ocr_line' id='line_1_10' title="bbox 172 1130 2316 1217; baseline 0 -21"><span class='ocrx_word' id='word_1_69' title='bbox 172 1132 555 1217; x_wconf 81' lang='lat' dir='ltr'><strong>mehercles3</strong></span> <span class='ocrx_word' id='word_1_70' title='bbox 604 1131 716 1195; x_wconf 91' lang='lat' dir='ltr'><strong>sed</strong></span> <span class='ocrx_word' id='word_1_71' title='bbox 752 1134 975 1196; x_wconf 90' lang='lat' dir='ltr'><strong>tamen</strong></span> <span class='ocrx_word' id='word_1_72' title='bbox 1010 1132 1269 1197; x_wconf 85' lang='lat' dir='ltr'><strong>tantum</strong></span> <span class='ocrx_word' id='word_1_73' title='bbox 1303 1153 1432 1200; x_wconf 73' lang='lat' dir='ltr'><strong>non</strong></span> <span class='ocrx_word' id='word_1_74' title='bbox 1467 1130 1624 1198; x_wconf 92' lang='grc'><strong>000</strong></span> <span class='ocrx_word' id='word_1_75' title='bbox 1652 1131 2060 1198; x_wconf 71' lang='lat' dir='ltr'><strong>hexametros</strong></span> <span class='ocrx_word' id='word_1_76' title='bbox 2097 1132 2316 1197; x_wconf 92' lang='lat' dir='ltr'><strong>habet.</strong></span> 
     </span>
     <span class='ocr_line' id='line_1_11' title="bbox 174 1220 2315 1306; baseline 0 -21"><span class='ocrx_word' id='word_1_77' title='bbox 174 1225 245 1285; x_wconf 92' lang='lat' dir='ltr'><strong>at</strong></span> <span class='ocrx_word' id='word_1_78' title='bbox 287 1220 566 1286; x_wconf 88' lang='lat' dir='ltr'><strong>fortasse</strong></span> <span class='ocrx_word' id='word_1_79' title='bbox 613 1224 685 1283; x_wconf 93' lang='lat' dir='ltr'><strong>tu</strong></span> <span class='ocrx_word' id='word_1_80' title='bbox 730 1242 850 1304; x_wconf 91' lang='lat' dir='ltr'><strong>pro</strong></span> <span class='ocrx_word' id='word_1_81' title='bbox 898 1220 1147 1306; x_wconf 80' lang='lat' dir='ltr'><strong>collega</strong></span> <span class='ocrx_word' id='word_1_82' title='bbox 1191 1220 1544 1286; x_wconf 87' lang='lat' dir='ltr'><strong>mentieris.</strong></span> <span class='ocrx_word' id='word_1_83' title='bbox 1625 1220 1935 1286; x_wconf 79' lang='lat' dir='ltr'><strong>Manilius</strong></span> <span class='ocrx_word' id='word_1_84' title='bbox 1983 1225 2155 1287; x_wconf 89' lang='lat' dir='ltr'><strong>certe</strong></span> <span class='ocrx_word' id='word_1_85' title='bbox 2182 1220 2315 1286; x_wconf 87' lang='lat' dir='ltr'><strong>Uo-</strong></span> 
     </span>
     <span class='ocr_line' id='line_1_12' title="bbox 171 1309 2407 1395; baseline 0.001 -20"><span class='ocrx_word' id='word_1_86' title='bbox 171 1311 407 1395; x_wconf 88' lang='lat' dir='ltr'><strong>piscus,</strong></span> <span class='ocrx_word' id='word_1_87' title='bbox 450 1310 553 1374; x_wconf 91' lang='lat' dir='ltr'><strong>uir</strong></span> <span class='ocrx_word' id='word_1_88' title='bbox 598 1309 1069 1375; x_wconf 86' lang='lat' dir='ltr'><strong>eruditissimus</strong></span> <span class='ocrx_word' id='word_1_89' title='bbox 1116 1312 1183 1374; x_wconf 87' lang='lat' dir='ltr'><strong>et</strong></span> <span class='ocrx_word' id='word_1_90' title='bbox 1228 1311 1339 1395; x_wconf 89' lang='lat' dir='ltr'><strong>qui</strong></span> <span class='ocrx_word' id='word_1_91' title='bbox 1375 1311 1719 1394; x_wconf 87' lang='lat' dir='ltr'><strong>praecipue</strong></span> <span class='ocrx_word' id='word_1_92' title='bbox 1763 1310 2053 1376; x_wconf 90' lang='lat' dir='ltr'><strong>uindicat</strong></span> <span class='ocrx_word' id='word_1_93' title='bbox 2098 1332 2138 1374; x_wconf 89' lang='lat' dir='ltr'><strong>a</strong></span> <span class='ocrx_word' id='word_1_94' title='bbox 2183 1310 2314 1375; x_wconf 91' lang='lat' dir='ltr'><strong>situ</strong></span> <span class='ocrx_word' id='word_1_95' title='bbox 2334 1328 2407 1378; x_wconf 84' lang='lat'><strong>30</strong></span> 
     </span>
     <span class='ocr_line' id='line_1_13' title="bbox 171 1398 2315 1485; baseline -0 -22"><span class='ocrx_word' id='word_1_96' title='bbox 171 1399 420 1463; x_wconf 74' lang='lat' dir='ltr'><strong>litteras</strong></span> <span class='ocrx_word' id='word_1_97' title='bbox 475 1399 607 1462; x_wconf 89' lang='lat' dir='ltr'><strong>iam</strong></span> <span class='ocrx_word' id='word_1_98' title='bbox 663 1420 869 1482; x_wconf 89' lang='lat' dir='ltr'><strong>paene</strong></span> <span class='ocrx_word' id='word_1_99' title='bbox 912 1398 1258 1485; x_wconf 84' lang='lat' dir='ltr'><strong>fugientes,</strong></span> <span class='ocrx_word' id='word_1_100' title='bbox 1307 1399 1475 1463; x_wconf 91' lang='lat' dir='ltr'><strong>solet</strong></span> <span class='ocrx_word' id='word_1_101' title='bbox 1518 1399 1691 1464; x_wconf 88' lang='lat' dir='ltr'><strong>ultro</strong></span> <span class='ocrx_word' id='word_1_102' title='bbox 1739 1421 1993 1485; x_wconf 87' lang='lat' dir='ltr'><strong>quoque</strong></span> <span class='ocrx_word' id='word_1_103' title='bbox 2049 1400 2315 1464; x_wconf 90' lang='lat' dir='ltr'><strong>nomine</strong></span> 
     </span>
     <span class='ocr_line' id='line_1_14' title="bbox 171 1486 2318 1572; baseline 0 -20"><span class='ocrx_word' id='word_1_104' title='bbox 171 1510 316 1553; x_wconf 87' lang='lat' dir='ltr'><strong>meo</strong></span> <span class='ocrx_word' id='word_1_105' title='bbox 390 1487 686 1572; x_wconf 85' lang='lat' dir='ltr'><strong>gloriari,</strong></span> <span class='ocrx_word' id='word_1_106' title='bbox 768 1486 993 1552; x_wconf 89' lang='lat' dir='ltr'><strong>uillam</strong></span> <span class='ocrx_word' id='word_1_107' title='bbox 1067 1487 1485 1553; x_wconf 83' lang='lat' dir='ltr'><strong>Tiburtinam</strong></span> <span class='ocrx_word' id='word_1_108' title='bbox 1559 1510 1744 1553; x_wconf 89' lang='lat' dir='ltr'><strong>suam</strong></span> <span class='ocrx_word' id='word_1_109' title='bbox 1816 1487 2204 1572; x_wconf 87' lang='lat' dir='ltr'><strong>descriptam</strong></span> <span class='ocrx_word' id='word_1_110' title='bbox 2278 1510 2318 1552; x_wconf 92' lang='lat' dir='ltr'><strong>a</strong></span> 
     </span>
     <span class='ocr_line' id='line_1_15' title="bbox 171 1574 2317 1661; baseline 0 -21"><span class='ocrx_word' id='word_1_111' title='bbox 171 1577 362 1642; x_wconf 89' lang='lat' dir='ltr'><strong>nobis</strong></span> <span class='ocrx_word' id='word_1_112' title='bbox 409 1597 540 1641; x_wconf 92' lang='lat' dir='ltr'><strong>uno</strong></span> <span class='ocrx_word' id='word_1_113' title='bbox 589 1574 710 1641; x_wconf 89' lang='lat' dir='ltr'><strong>die.</strong></span> <span class='ocrx_word' id='word_1_114' title='bbox 803 1577 1094 1661; x_wconf 90' lang='lat' dir='ltr'><strong>sequitur</strong></span> <span class='ocrx_word' id='word_1_115' title='bbox 1137 1577 1394 1641; x_wconf 89' lang='lat' dir='ltr'><strong>libellus</strong></span> <span class='ocrx_word' id='word_1_116' title='bbox 1439 1575 1686 1641; x_wconf 86' lang='lat' dir='ltr'><strong>Rutilio</strong></span> <span class='ocrx_word' id='word_1_117' title='bbox 1716 1575 1967 1642; x_wconf 84' lang='lat' dir='ltr'><strong>Gallico</strong></span> <span class='ocrx_word' id='word_1_118' title='bbox 2014 1576 2317 1643; x_wconf 89' lang='lat' dir='ltr'><strong>conuale-</strong></span> 
     </span>
     <span class='ocr_line' id='line_1_16' title="bbox 174 1664 2319 1751; baseline 0 -21"><span class='ocrx_word' id='word_1_119' title='bbox 174 1666 379 1731; x_wconf 86' lang='lat' dir='ltr'><strong>seenti</strong></span> <span class='ocrx_word' id='word_1_120' title='bbox 438 1664 793 1749; x_wconf 80' lang='grc'>(16(11681118,</span> <span class='ocrx_word' id='word_1_121' title='bbox 853 1666 930 1730; x_wconf 90' lang='lat' dir='ltr'><strong>de</strong></span> <span class='ocrx_word' id='word_1_122' title='bbox 986 1688 1114 1751; x_wconf 90' lang='lat' dir='ltr'><strong>quo</strong></span> <span class='ocrx_word' id='word_1_123' title='bbox 1170 1665 1336 1729; x_wconf 88' lang='grc'>1111111</span> <span class='ocrx_word' id='word_1_124' title='bbox 1391 1665 1699 1750; x_wconf 84' lang='grc'>(1160,116</span> <span class='ocrx_word' id='word_1_125' title='bbox 1752 1665 1975 1730; x_wconf 89' lang='lat' dir='ltr'><strong>uidear</strong></span> <span class='ocrx_word' id='word_1_126' title='bbox 2030 1665 2319 1731; x_wconf 88' lang='lat' dir='ltr'><strong>defuncti</strong></span> 
     </span>
     <span class='ocr_line' id='line_1_17' title="bbox 171 1752 2409 1822; baseline 0.002 -3"><span class='ocrx_word' id='word_1_127' title='bbox 171 1756 358 1820; x_wconf 87' lang='lat' dir='ltr'><strong>testis</strong></span> <span class='ocrx_word' id='word_1_128' title='bbox 396 1754 736 1820; x_wconf 86' lang='lat' dir='ltr'><strong>occasione</strong></span> <span class='ocrx_word' id='word_1_129' title='bbox 781 1754 1064 1819; x_wconf 88' lang='lat' dir='ltr'><strong>mentiri.</strong></span> <span class='ocrx_word' id='word_1_130' title='bbox 1135 1776 1291 1819; x_wconf 87' lang='lat' dir='ltr'><strong>nam</strong></span> <span class='ocrx_word' id='word_1_131' title='bbox 1320 1752 1550 1819; x_wconf 81' lang='lat' dir='ltr'><strong>Claudi</strong></span> <span class='ocrx_word' id='word_1_132' title='bbox 1576 1754 1839 1820; x_wconf 85' lang='lat' dir='ltr'><strong>Etrusci</strong></span> <span class='ocrx_word' id='word_1_133' title='bbox 1866 1755 2317 1820; x_wconf 85' lang='lat' dir='ltr'><strong>testimonium</strong></span> <span class='ocrx_word' id='word_1_134' title='bbox 2337 1772 2409 1822; x_wconf 73' lang='lat'><strong>35</strong></span> 
     </span>
     <span class='ocr_line' id='line_1_18' title="bbox 173 1842 2317 1929; baseline 0 -22"><span class='ocrx_word' id='word_1_135' title='bbox 173 1846 298 1928; x_wconf 84' lang='lat' dir='ltr'><strong>est,</strong></span> <span class='ocrx_word' id='word_1_136' title='bbox 358 1844 469 1929; x_wconf 88' lang='lat' dir='ltr'><strong>qui</strong></span> <span class='ocrx_word' id='word_1_137' title='bbox 523 1842 898 1908; x_wconf 86' lang='lat' dir='ltr'><strong>balneolum</strong></span> <span class='ocrx_word' id='word_1_138' title='bbox 955 1866 995 1908; x_wconf 87' lang='lat' dir='ltr'><strong>a</strong></span> <span class='ocrx_word' id='word_1_139' title='bbox 1046 1864 1150 1907; x_wconf 92' lang='lat' dir='ltr'><strong>me</strong></span> <span class='ocrx_word' id='word_1_140' title='bbox 1209 1865 1396 1908; x_wconf 88' lang='lat' dir='ltr'><strong>suum</strong></span> <span class='ocrx_word' id='word_1_141' title='bbox 1452 1844 1628 1908; x_wconf 88' lang='lat' dir='ltr'><strong>intra</strong></span> <span class='ocrx_word' id='word_1_142' title='bbox 1681 1865 1933 1909; x_wconf 86' lang='lat' dir='ltr'><strong>moram</strong></span> <span class='ocrx_word' id='word_1_143' title='bbox 1980 1865 2175 1908; x_wconf 90' lang='lat' dir='ltr'><strong>cenae</strong></span> <span class='ocrx_word' id='word_1_144' title='bbox 2220 1864 2317 1907; x_wconf 87' lang='lat' dir='ltr'><strong>re·</strong></span> 
     </span>
     <span class='ocr_line' id='line_1_19' title="bbox 173 1930 2318 2018; baseline 0 -22"><span class='ocrx_word' id='word_1_145' title='bbox 173 1933 363 2017; x_wconf 90' lang='lat' dir='ltr'><strong>cepit.</strong></span> <span class='ocrx_word' id='word_1_146' title='bbox 453 1932 525 1997; x_wconf 92' lang='lat' dir='ltr'><strong>in</strong></span> <span class='ocrx_word' id='word_1_147' title='bbox 579 1932 707 1996; x_wconf 88' lang='lat' dir='ltr'><strong>fine</strong></span> <span class='ocrx_word' id='word_1_148' title='bbox 764 1935 919 1997; x_wconf 88' lang='lat' dir='ltr'><strong>sunt</strong></span> <span class='ocrx_word' id='word_1_149' title='bbox 970 1931 1304 1997; x_wconf 88' lang='lat' dir='ltr'><strong>Kalendae</strong></span> <span class='ocrx_word' id='word_1_150' title='bbox 1349 1930 1755 2017; x_wconf 82' lang='lat' dir='ltr'><strong>Decembres,</strong></span> <span class='ocrx_word' id='word_1_151' title='bbox 1815 1933 2049 2018; x_wconf 87' lang='lat' dir='ltr'><strong>quibus</strong></span> <span class='ocrx_word' id='word_1_152' title='bbox 2094 1932 2318 2017; x_wconf 90' lang='lat' dir='ltr'><strong>utique</strong></span> 
     </span>
     <span class='ocr_line' id='line_1_20' title="bbox 173 2020 2316 2105; baseline -0 -19"><span class='ocrx_word' id='word_1_153' title='bbox 173 2020 484 2086; x_wconf 83' lang='lat' dir='ltr'><strong>creditur:</strong></span> <span class='ocrx_word' id='word_1_154' title='bbox 529 2024 790 2086; x_wconf 87' lang='lat' dir='ltr'><strong>noctem</strong></span> <span class='ocrx_word' id='word_1_155' title='bbox 837 2021 1010 2085; x_wconf 89' lang='lat' dir='ltr'><strong>enim</strong></span> <span class='ocrx_word' id='word_1_156' title='bbox 1056 2022 1236 2085; x_wconf 90' lang='lat' dir='ltr'><strong>illam</strong></span> <span class='ocrx_word' id='word_1_157' title='bbox 1283 2021 1723 2086; x_wconf 88' lang='lat' dir='ltr'><strong>felicissimam</strong></span> <span class='ocrx_word' id='word_1_158' title='bbox 1771 2025 1838 2085; x_wconf 85' lang='lat' dir='ltr'><strong>et</strong></span> <span class='ocrx_word' id='word_1_159' title='bbox 1867 2020 2316 2105; x_wconf 88' lang='lat' dir='ltr'><strong>uoluptatibus</strong></span> 
     </span>
     <span class='ocr_line' id='line_1_21' title="bbox 173 2110 1465 2194; baseline -0.002 -18"><span class='ocrx_word' id='word_1_160' title='bbox 173 2111 452 2194; x_wconf 90' lang='lat' dir='ltr'><strong>publicis</strong></span> <span class='ocrx_word' id='word_1_161' title='bbox 496 2110 900 2193; x_wconf 84' lang='lat' dir='ltr'><strong>inexpertam</strong></span> <span class='ocrx_word' id='word_1_162' title='bbox 945 2110 1261 2176; x_wconf 78' lang='lat' dir='ltr'><strong>celebrant.</strong></span> <span class='ocrx_word' id='word_1_163' title='bbox 1305 2110 1465 2174; x_wconf 65' lang='grc' dir='ltr'>παῖε.</span> 
     </span>
    </p>
   </div>
   <div class='ocr_carea' id='block_1_5' title="bbox 1032 2253 1461 2261">
    <p class='ocr_par' dir='ltr' id='par_1_5' title="bbox 1032 2253 1461 2261">
     <span class='ocr_line' id='line_1_22' title="bbox 1032 2253 1461 2261; baseline 0 0"><span class='ocrx_word' id='word_1_164' title='bbox 1032 2253 1461 2261; x_wconf 95' lang='lat' dir='ltr'><strong> </strong></span> 
     </span>
    </p>
   </div>
   <div class='ocr_carea' id='block_1_6' title="bbox 1219 2321 1271 2389">
    <p class='ocr_par' dir='ltr' id='par_1_6' title="bbox 1219 2321 1271 2389">
     <span class='ocr_line' id='line_1_23' title="bbox 1219 2321 1271 2389; baseline 0.038 -2"><span class='ocrx_word' id='word_1_165' title='bbox 1219 2321 1271 2389; x_wconf 90' lang='grc' dir='ltr'><strong>Ι.</strong></span> 
     </span>
    </p>
   </div>
   <div class='ocr_carea' id='block_1_7' title="bbox 637 2462 1831 2530">
    <p class='ocr_par' dir='ltr' id='par_1_7' title="bbox 637 2462 1831 2530">
     <span class='ocr_line' id='line_1_24' title="bbox 637 2462 1831 2530; baseline 0.001 -13"><span class='ocrx_word' id='word_1_166' title='bbox 637 2463 828 2530; x_wconf 81' lang='lat' dir='ltr'><strong>EQUS</strong></span> <span class='ocrx_word' id='word_1_167' title='bbox 865 2462 1209 2517; x_wconf 82' lang='lat' dir='ltr'>MAXIMUS</span> <span class='ocrx_word' id='word_1_168' title='bbox 1247 2462 1646 2518; x_wconf 84' lang='lat' dir='ltr'>DOMITIANI</span> <span class='ocrx_word' id='word_1_169' title='bbox 1680 2463 1831 2518; x_wconf 87' lang='lat' dir='ltr'><strong>IMP.</strong></span> 
     </span>
    </p>
   </div>
   <div class='ocr_carea' id='block_1_8' title="bbox 175 2571 2001 2754">
    <p class='ocr_par' dir='ltr' id='par_1_8' title="bbox 175 2571 2001 2754">
     <span class='ocr_line' id='line_1_25' title="bbox 175 2571 1827 2659; baseline 0.001 -22"><span class='ocrx_word' id='word_1_170' title='bbox 175 2571 354 2649; x_wconf 84' lang='lat' dir='ltr'><strong>Quae</strong></span> <span class='ocrx_word' id='word_1_171' title='bbox 401 2574 903 2658; x_wconf 89' lang='lat' dir='ltr'><strong>superimposito</strong></span> <span class='ocrx_word' id='word_1_172' title='bbox 949 2574 1152 2638; x_wconf 92' lang='lat' dir='ltr'><strong>moles</strong></span> <span class='ocrx_word' id='word_1_173' title='bbox 1199 2574 1532 2659; x_wconf 85' lang='lat' dir='ltr'><strong>geminata</strong></span> <span class='ocrx_word' id='word_1_174' title='bbox 1577 2573 1827 2638; x_wconf 89' lang='lat' dir='ltr'><strong>colosso</strong></span> 
     </span>
     <span class='ocr_line' id='line_1_26' title="bbox 177 2661 2001 2754; baseline -0.001 -28"><span class='ocrx_word' id='word_1_175' title='bbox 177 2661 325 2727; x_wconf 82' lang='lat' dir='ltr'><strong>Stat</strong></span> <span class='ocrx_word' id='word_1_176' title='bbox 367 2661 628 2727; x_wconf 90' lang='lat' dir='ltr'><strong>Latium</strong></span> <span class='ocrx_word' id='word_1_177' title='bbox 675 2663 1009 2754; x_wconf 90' lang='lat' dir='ltr'><strong>complexa</strong></span> <span class='ocrx_word' id='word_1_178' title='bbox 1051 2662 1310 2728; x_wconf 74' lang='lat' dir='ltr'><strong>forum?</strong></span> <span class='ocrx_word' id='word_1_179' title='bbox 1357 2663 1620 2728; x_wconf 89' lang='lat' dir='ltr'><strong>caelone</strong></span> <span class='ocrx_word' id='word_1_180' title='bbox 1666 2665 2001 2747; x_wconf 89' lang='lat' dir='ltr'><strong>peractum</strong></span> 
     </span>
    </p>
   </div>
   <div class='ocr_carea' id='block_1_9' title="bbox 174 2841 603 2849">
    <p class='ocr_par' dir='ltr' id='par_1_9' title="bbox 174 2841 603 2849">
     <span class='ocr_line' id='line_1_27' title="bbox 174 2841 603 2849; baseline 0 0"><span class='ocrx_word' id='word_1_181' title='bbox 174 2841 603 2849; x_wconf 95' lang='lat' dir='ltr'><strong> </strong></span> 
     </span>
    </p>
   </div>
   <div class='ocr_carea' id='block_1_10' title="bbox 177 2958 2323 3533">
    <p class='ocr_par' dir='ltr' id='par_1_10' title="bbox 178 2958 2319 3387">
     <span class='ocr_line' id='line_1_28' title="bbox 319 2958 2318 3044; baseline -0.002 -28"><span class='ocrx_word' id='word_1_182' title='bbox 319 2967 388 3016; x_wconf 82' lang='lat'><strong>20</strong></span> <span class='ocrx_word' id='word_1_183' title='bbox 427 2978 773 3037; x_wconf 84' lang='lat' dir='ltr'><strong>quamquam</strong></span> <span class='ocrx_word' id='word_1_184' title='bbox 816 2961 991 3044; x_wconf 71' lang='grc'>1111160</span> <span class='ocrx_word' id='word_1_185' title='bbox 1037 2962 1262 3031; x_wconf 72' lang='lat' dir='ltr'><strong>scripsi.-</strong></span> <span class='ocrx_word' id='word_1_186' title='bbox 1310 2978 1483 3031; x_wconf 83' lang='lat' dir='ltr'><strong>quam</strong></span> <span class='ocrx_word' id='word_1_187' title='bbox 1518 2961 1691 3016; x_wconf 88' lang='lat' dir='ltr'><strong>timeo</strong></span> <span class='ocrx_word' id='word_1_188' title='bbox 1729 2965 1776 3012; x_wconf 99' lang='lat' dir='ltr'>A</span> <span class='ocrx_word' id='word_1_189' title='bbox 1813 2958 2073 3029; x_wconf 88' lang='lat' dir='ltr'><strong>quamuis</strong></span> <span class='ocrx_word' id='word_1_190' title='bbox 2109 2959 2318 3014; x_wconf 89' lang='lat' dir='ltr'><strong>mimeo</strong></span> 
     </span>
     <span class='ocr_line' id='line_1_29' title="bbox 179 3031 2319 3103; baseline -0 -17"><span class='ocrx_word' id='word_1_191' title='bbox 179 3039 215 3086; x_wconf 89' lang='grc'><strong>0</strong></span> <span class='ocrx_word' id='word_1_192' title='bbox 240 3035 261 3102; x_wconf 79' lang='grc' dir='ltr'><strong>ΙΙ</strong></span> <span class='ocrx_word' id='word_1_193' title='bbox 287 3038 356 3088; x_wconf 82' lang='lat'><strong>25</strong></span> <span class='ocrx_word' id='word_1_194' title='bbox 392 3033 579 3089; x_wconf 88' lang='lat' dir='ltr'><strong>iussus</strong></span> <span class='ocrx_word' id='word_1_195' title='bbox 613 3051 739 3088; x_wconf 87' lang='lat' dir='ltr'><strong>sum</strong></span> <span class='ocrx_word' id='word_1_196' title='bbox 775 3037 839 3089; x_wconf 82' lang='grc' dir='ltr'><strong>ς.</strong></span> <span class='ocrx_word' id='word_1_197' title='bbox 876 3032 1094 3088; x_wconf 85' lang='grc'>1118811111</span> <span class='ocrx_word' id='word_1_198' title='bbox 1122 3038 1167 3085; x_wconf 98' lang='grc'><strong>0</strong></span> <span class='ocrx_word' id='word_1_199' title='bbox 1203 3052 1237 3085; x_wconf 94' lang='grc'><strong>8</strong></span> <span class='ocrx_word' id='word_1_200' title='bbox 1262 3034 1286 3103; x_wconf 82' lang='grc' dir='ltr'><strong>ΙΙ</strong></span> <span class='ocrx_word' id='word_1_201' title='bbox 1311 3039 1380 3087; x_wconf 80' lang='lat'><strong>28</strong></span> <span class='ocrx_word' id='word_1_202' title='bbox 1410 3033 1509 3088; x_wconf 87' lang='lat' dir='ltr'><strong>sed</strong></span> <span class='ocrx_word' id='word_1_203' title='bbox 1533 3034 1759 3087; x_wconf 89' lang='lat' dir='ltr'><strong>tantum</strong></span> <span class='ocrx_word' id='word_1_204' title='bbox 1784 3034 1977 3087; x_wconf 83' lang='lat' dir='ltr'><strong>tamen</strong></span> <span class='ocrx_word' id='word_1_205' title='bbox 2004 3031 2319 3086; x_wconf 84' lang='lat' dir='ltr'><strong>exametros</strong></span> 
     </span>
     <span class='ocr_line' id='line_1_30' title="bbox 179 3102 2321 3173; baseline -0.001 -16"><span class='ocrx_word' id='word_1_206' title='bbox 179 3110 215 3157; x_wconf 97' lang='grc'><strong>0</strong></span> <span class='ocrx_word' id='word_1_207' title='bbox 252 3122 301 3173; x_wconf 79' lang='grc'><strong>8,</strong></span> <span class='ocrx_word' id='word_1_208' title='bbox 339 3106 607 3160; x_wconf 69' lang='lat' dir='ltr'><strong>correoei.</strong></span> <span class='ocrx_word' id='word_1_209' title='bbox 647 3104 748 3159; x_wconf 86' lang='lat' dir='ltr'><strong>sed</strong></span> <span class='ocrx_word' id='word_1_210' title='bbox 788 3106 980 3159; x_wconf 86' lang='lat' dir='ltr'><strong>tamen</strong></span> <span class='ocrx_word' id='word_1_211' title='bbox 1027 3103 1376 3160; x_wconf 86' lang='lat' dir='ltr'>CCLXXVII</span> <span class='ocrx_word' id='word_1_212' title='bbox 1416 3104 1539 3158; x_wconf 89' lang='lat' dir='ltr'><strong>hex.</strong></span> <span class='ocrx_word' id='word_1_213' title='bbox 1586 3103 1748 3157; x_wconf 82' lang='lat' dir='ltr'><strong>Dom.</strong></span> <span class='ocrx_word' id='word_1_214' title='bbox 1795 3104 1816 3172; x_wconf 84' lang='grc' dir='ltr'><strong>ΙΙ</strong></span> <span class='ocrx_word' id='word_1_215' title='bbox 1862 3108 1930 3157; x_wconf 83' lang='grc'><strong>29</strong></span> <span class='ocrx_word' id='word_1_216' title='bbox 1971 3103 2033 3156; x_wconf 86' lang='lat' dir='ltr'><strong>at</strong></span> <span class='ocrx_word' id='word_1_217' title='bbox 2067 3102 2321 3156; x_wconf 72' lang='lat' dir='ltr'><strong>Bernar-</strong></span> 
     </span>
     <span class='ocr_line' id='line_1_31' title="bbox 178 3172 2321 3244; baseline -0.002 -13"><span class='ocrx_word' id='word_1_218' title='bbox 178 3177 319 3231; x_wconf 64' lang='lat' dir='ltr'><strong>tius.-</strong></span> <span class='ocrx_word' id='word_1_219' title='bbox 356 3178 415 3231; x_wconf 91' lang='lat' dir='ltr'><strong>et</strong></span> <span class='ocrx_word' id='word_1_220' title='bbox 450 3181 486 3228; x_wconf 92' lang='grc'><strong>0</strong></span> <span class='ocrx_word' id='word_1_221' title='bbox 505 3195 539 3228; x_wconf 92' lang='grc'><strong>8</strong></span> <span class='ocrx_word' id='word_1_222' title='bbox 569 3178 579 3244; x_wconf 88' lang='grc' dir='ltr'>Ι</span> <span class='ocrx_word' id='word_1_223' title='bbox 609 3176 854 3231; x_wconf 86' lang='lat' dir='ltr'><strong>Manlius</strong></span> <span class='ocrx_word' id='word_1_224' title='bbox 891 3182 927 3229; x_wconf 89' lang='grc'><strong>0</strong></span> <span class='ocrx_word' id='word_1_225' title='bbox 945 3195 995 3243; x_wconf 89' lang='grc'><strong>8,</strong></span> <span class='ocrx_word' id='word_1_226' title='bbox 1033 3192 1171 3231; x_wconf 78' lang='lat' dir='ltr'><strong>corr.</strong></span> <span class='ocrx_word' id='word_1_227' title='bbox 1211 3175 1681 3230; x_wconf 68' lang='lat' dir='ltr'><strong>Friedlaendevm</strong></span> <span class='ocrx_word' id='word_1_228' title='bbox 1704 3176 1725 3244; x_wconf 73' lang='lat' dir='ltr'>u</span> <span class='ocrx_word' id='word_1_229' title='bbox 1751 3180 1819 3229; x_wconf 82' lang='lat'><strong>33</strong></span> <span class='ocrx_word' id='word_1_230' title='bbox 1859 3172 2078 3229; x_wconf 74' lang='lat' dir='ltr'><strong>Gallico</strong></span> <span class='ocrx_word' id='word_1_231' title='bbox 2116 3189 2321 3227; x_wconf 85' lang='lat' dir='ltr'><strong>conua-</strong></span> 
     </span>
     <span class='ocr_line' id='line_1_32' title="bbox 178 3242 2323 3313; baseline -0.002 -11"><span class='ocrx_word' id='word_1_232' title='bbox 178 3247 415 3303; x_wconf 86' lang='lat' dir='ltr'><strong>lescenti</strong></span> <span class='ocrx_word' id='word_1_233' title='bbox 448 3248 748 3303; x_wconf 72' lang='lat' dir='ltr'><strong>Heineius:</strong></span> <span class='ocrx_word' id='word_1_234' title='bbox 794 3247 1013 3303; x_wconf 81' lang='lat' dir='ltr'><strong>Gallico</strong></span> <span class='ocrx_word' id='word_1_235' title='bbox 1051 3250 1139 3302; x_wconf 83' lang='lat' dir='ltr'><strong>est</strong></span> <span class='ocrx_word' id='word_1_236' title='bbox 1172 3245 1391 3301; x_wconf 85' lang='lat' dir='ltr'><strong>ualenti</strong></span> <span class='ocrx_word' id='word_1_237' title='bbox 1427 3251 1463 3298; x_wconf 88' lang='grc'><strong>0</strong></span> <span class='ocrx_word' id='word_1_238' title='bbox 1497 3244 1717 3300; x_wconf 81' lang='lat' dir='ltr'><strong>Gallico</strong></span> <span class='ocrx_word' id='word_1_239' title='bbox 1755 3242 1971 3300; x_wconf 87' lang='lat' dir='ltr'><strong>ualenti</strong></span> <span class='ocrx_word' id='word_1_240' title='bbox 2007 3262 2045 3296; x_wconf 86' lang='grc'><strong>8</strong></span> <span class='ocrx_word' id='word_1_241' title='bbox 2067 3244 2088 3313; x_wconf 77' lang='lat' dir='ltr'>ss</span> <span class='ocrx_word' id='word_1_242' title='bbox 2124 3249 2193 3298; x_wconf 80' lang='lat'><strong>39</strong></span> <span class='ocrx_word' id='word_1_243' title='bbox 2233 3259 2323 3298; x_wconf 86' lang='grc'><strong>66-</strong></span> 
     </span>
     <span class='ocr_line' id='line_1_33' title="bbox 178 3313 2287 3387; baseline -0.002 -14"><span class='ocrx_word' id='word_1_244' title='bbox 178 3319 418 3374; x_wconf 85' lang='lat' dir='ltr'><strong>lebrant.</strong></span> <span class='ocrx_word' id='word_1_245' title='bbox 437 3319 567 3375; x_wconf 88' lang='grc'>11816</span> <span class='ocrx_word' id='word_1_246' title='bbox 591 3320 813 3375; x_wconf 71' lang='lat' dir='ltr'><strong>addidi:</strong></span> <span class='ocrx_word' id='word_1_247' title='bbox 834 3335 935 3374; x_wconf 87' lang='lat' dir='ltr'><strong>om.</strong></span> <span class='ocrx_word' id='word_1_248' title='bbox 958 3324 993 3371; x_wconf 98' lang='grc'><strong>0</strong></span> <span class='ocrx_word' id='word_1_249' title='bbox 1012 3337 1070 3370; x_wconf 90' lang='grc'><strong>8·</strong></span> <span class='ocrx_word' id='word_1_250' title='bbox 1057 3319 1261 3387; x_wconf 67' lang='lat' dir='ltr'><strong>‚mdqo</strong></span> <span class='ocrx_word' id='word_1_251' title='bbox 1281 3317 1494 3371; x_wconf 87' lang='lat' dir='ltr'><strong>habent</strong></span> <span class='ocrx_word' id='word_1_252' title='bbox 1512 3316 1743 3372; x_wconf 79' lang='lat' dir='ltr'><strong>additur</strong></span> <span class='ocrx_word' id='word_1_253' title='bbox 1752 3319 1883 3385; x_wconf 76' lang='lat' dir='ltr'><strong>post</strong></span> <span class='ocrx_word' id='word_1_254' title='bbox 1900 3313 2287 3369; x_wconf 84' lang='lat' dir='ltr'><strong>felicissimam</strong></span> 
     </span>
    </p>

    <p class='ocr_par' dir='ltr' id='par_1_11' title="bbox 177 3385 2323 3533">
     <span class='ocr_line' id='line_1_34' title="bbox 320 3385 2323 3460; baseline -0.003 -16"><span class='ocrx_word' id='word_1_255' title='bbox 320 3391 364 3447; x_wconf 92' lang='grc' dir='ltr'><strong>Ι.</strong></span> <span class='ocrx_word' id='word_1_256' title='bbox 401 3389 592 3457; x_wconf 78' lang='lat' dir='ltr'><strong>EQUS</strong></span> <span class='ocrx_word' id='word_1_257' title='bbox 628 3395 700 3445; x_wconf 84' lang='lat' dir='ltr'><strong>A:</strong></span> <span class='ocrx_word' id='word_1_258' title='bbox 745 3390 940 3460; x_wconf 82' lang='lat' dir='ltr'><strong>Equus</strong></span> <span class='ocrx_word' id='word_1_259' title='bbox 977 3395 1013 3442; x_wconf 88' lang='grc'><strong>0</strong></span> <span class='ocrx_word' id='word_1_260' title='bbox 1053 3392 1082 3457; x_wconf 80' lang='grc' dir='ltr'><strong>Ι.</strong></span> <span class='ocrx_word' id='word_1_261' title='bbox 1100 3388 1249 3442; x_wconf 80' lang='grc' dir='ltr'>ΙΜΡ.</span> <span class='ocrx_word' id='word_1_262' title='bbox 1287 3391 1361 3442; x_wconf 84' lang='lat' dir='ltr'><strong>A:</strong></span> <span class='ocrx_word' id='word_1_263' title='bbox 1397 3387 1754 3457; x_wconf 85' lang='lat' dir='ltr'><strong>imperatoris</strong></span> <span class='ocrx_word' id='word_1_264' title='bbox 1791 3392 1827 3439; x_wconf 92' lang='grc'><strong>0</strong></span> <span class='ocrx_word' id='word_1_265' title='bbox 1870 3388 1891 3456; x_wconf 80' lang='grc' dir='ltr'><strong>ΙΙ</strong></span> <span class='ocrx_word' id='word_1_266' title='bbox 1939 3392 1966 3439; x_wconf 90' lang='grc'><strong>1</strong></span> <span class='ocrx_word' id='word_1_267' title='bbox 2016 3402 2183 3455; x_wconf 87' lang='lat' dir='ltr'><strong>super</strong></span> <span class='ocrx_word' id='word_1_268' title='bbox 2215 3385 2323 3439; x_wconf 90' lang='lat' dir='ltr'><strong>im-</strong></span> 
     </span>
     <span class='ocr_line' id='line_1_35' title="bbox 177 3460 1419 3533; baseline -0.006 -15"><span class='ocrx_word' id='word_1_269' title='bbox 177 3461 365 3531; x_wconf 87' lang='lat' dir='ltr'><strong>posito</strong></span> <span class='ocrx_word' id='word_1_270' title='bbox 402 3468 437 3515; x_wconf 98' lang='grc'><strong>0</strong></span> <span class='ocrx_word' id='word_1_271' title='bbox 456 3482 490 3515; x_wconf 92' lang='grc'><strong>8</strong></span> <span class='ocrx_word' id='word_1_272' title='bbox 522 3465 530 3532; x_wconf 87' lang='grc' dir='ltr'>Ι</span> <span class='ocrx_word' id='word_1_273' title='bbox 561 3462 846 3533; x_wconf 82' lang='lat' dir='ltr'><strong>geminata</strong></span> <span class='ocrx_word' id='word_1_274' title='bbox 880 3480 938 3516; x_wconf 79' lang='lat' dir='ltr'><strong>a:</strong></span> <span class='ocrx_word' id='word_1_275' title='bbox 976 3460 1346 3530; x_wconf 63' lang='lat' dir='ltr'><strong>gemmataA</strong></span> <span class='ocrx_word' id='word_1_276' title='bbox 1383 3464 1419 3511; x_wconf 95' lang='grc'><strong>0</strong></span> 
     </span>
    </p>
   </div>
   <div class='ocr_carea' id='block_1_11' title="bbox 2498 596 2502 1205">
    <p class='ocr_par' dir='ltr' id='par_1_12' title="bbox 2498 596 2502 1205">
     <span class='ocr_line' id='line_1_36' title="bbox 2498 596 2502 1205; baseline 0 0"><span class='ocrx_word' id='word_1_277' title='bbox 2498 596 2502 1205; x_wconf 95' lang='lat' dir='ltr'><strong> </strong></span> 
     </span>
    </p>
   </div>
   <div class='ocr_carea' id='block_1_12' title="bbox 2499 2790 2502 3297">
    <p class='ocr_par' dir='ltr' id='par_1_13' title="bbox 2499 2790 2502 3297">
     <span class='ocr_line' id='line_1_37' title="bbox 2499 2790 2502 3297; baseline 0 0"><span class='ocrx_word' id='word_1_278' title='bbox 2499 2790 2502 3297; x_wconf 95' lang='lat' dir='ltr'><strong> </strong></span> 
     </span>
    </p>
   </div>
  </div>
 </body>
</html>
