2517 3909
354 143 471 203 150
1036 156 1099 204 P.
1141 154 1408 203 PAPmn
1450 151 1683 204 sum

349 308 781 389 'terrificaeque
826 308 1012 386 adytis
1056 328 1241 371 voces
1285 309 1639 389 clausaeque
1681 309 1923 370 deorum

349 396 573 474 Sponte
614 396 808 463 fores;
850 413 999 455 nunc
1042 397 1427 473 sanguineus,
1473 412 1624 454 nunc
1667 412 1883 455 saxeus
1923 395 2147 475 imber,

347 478 424 540 Et
467 479 640 539 subiti
684 478 887 540 Manes
930 480 1281 559 flentumque
1323 495 1604 542 occursus
1648 495 1904 540 avorum.

348 563 510 624 Tunc
548 574 608 624 et
647 562 998 643 Apollineae
1043 574 1284 626 tacuere
1322 563 1558 624 oracula
1603 561 1894 641 Cyrrhae,
2240 576 2343 631 410

345 647 424 708 Et
463 666 578 708 non
620 649 868 709 assuetis
911 666 1141 728 pernox
1180 649 1423 709 ululavit
1464 647 1705 724 Eleusin

345 731 677 808 Mensibus,
718 742 778 793 et
817 733 1048 813 templis
1087 733 1300 813 Sparte
1343 749 1632 813 praesaga
1672 732 1922 793 reclusis

347 816 505 876 Vidit
543 816 929 894 Amyclaeos,
975 817 1227 878 facinus!
1287 835 1640 878 concurrere
1682 818 1917 879 fratrea.

475 900 742 961 Arcados
785 903 1012 963 insanas
1049 903 1261 963 latrare
1297 901 1582 978 Lycaonis
1623 900 1852 962 umbras

349 985 539 1045 Nocte
583 985 775 1046 ferunt
813 988 1018 1065 tacita,
1064 1004 1246 1048 saevo
1290 986 1608 1047 decurrere
1651 1002 1859 1065 campo
2239 997 2339 1052 415

350 1069 704 1130 Oenomaum
747 1089 849 1132 sua
890 1071 1021 1132 Pisa
1064 1072 1266 1132 refert.
1354 1069 1665 1131 Acheloon
1706 1080 1955 1150 utroque

349 1153 686 1215 Deformem
733 1172 910 1215 corna
953 1174 1136 1234 vagus
1176 1155 1487 1216 infamabat
1516 1154 1801 1215 Acarnan.

348 1239 603 1300 Perseos
647 1240 901 1317 effigiem
938 1250 1218 1301 moestam
1262 1248 1623 1317 exorantque
1660 1238 1944 1316 Mycenae

355 1322 672 1384 Confusum
713 1323 947 1386 Iunonis
987 1325 1160 1395 ebur3
1203 1326 1429 1403 mugire
1465 1333 1761 1404 potentem

350 1408 607 1469 Inachon
643 1409 974 1485 agricolae,
1017 1411 1231 1487 gemini
1271 1410 1444 1469 maris
1485 1409 1676 1470 incola
1717 1418 1908 1469 narrat
2243 1420 2344 1475 420

350 1491 685 1552 Thebanum
728 1502 851 1553 toto
888 1493 1184 1572 planxisse
1226 1493 1573 1554 Palaemona
1619 1502 1820 1572 ponto.

349 1575 511 1637 Haec
555 1577 709 1637 audit
747 1577 1006 1658 Pelopea
1051 1577 1337 1658 phalanx,
1381 1578 1486 1638 sed
1528 1578 1776 1638 bellicus
1817 1577 1992 1639 ardor

354 1658 636 1721 Consiliis
664 1661 857 1723 obstat
898 1664 1088 1724 divum
1132 1662 1520 1742 prohibetque
1563 1643 1768 1723 timeri.

477 1744 596 1806 Iam
636 1747 827 1825 ripas,
864 1748 1102 1827 Asope,
1149 1757 1278 1807 tuas
1320 1747 1661 1827 Boeotaque
1703 1756 1934 1807 ventum

348 1831 637 1898 Flumina:
684 1849 798 1891 non
843 1851 1021 1893 ausae
1057 1833 1445 1893 transmittere
1485 1833 1745 1911 protinus
1788 1831 1916 1891 alae
2248 1842 2344 1897 425

347 1915 633 1976 Hostilem
672 1916 931 1984 fluvium:
973 1919 1126 1977 forte
1171 1925 1230 1976 et
1272 1916 1690 1996 trepidantibus
1729 1918 1936 1994 ingens

350 2000 767 2061 Descendebat
806 2004 999 2079 agris,
1043 2002 1430 2061 animos'sive
1475 2000 1735 2061 imbrifer
1777 2019 1978 2078 arcuS,

351 2087 470 2146 Seu
513 2094 778 2145 montana
823 2086 982 2147 dedit
1018 2086 1240 2160 nubeS,
1292 2103 1397 2144 seu
1441 2085 1685 2145 fluminis
1730 2085 1829 2145 illa

349 2168 513 2230 Mens
558 2170 695 2243 fuit,
740 2169 1120 2249 obiectusque
1160 2169 1312 2230 vado
1357 2178 1525 2249 pater
1566 2188 1722 2231 arma
1763 2169 2018 2230 vetabat.

476 2254 635 2314 Tunc
672 2254 832 2313 ferus
865 2252 1269 2333 Hippomedon
1297 2272 1505 2332 magno
1547 2273 1674 2314 cum
1709 2255 1989 2332 fragmine
2026 2254 2198 2338 ripae
2242 2264 2342 2320 430

355 2338 730 2399 Cunctantem
769 2338 982 2398 deiecit
1019 2357 1259 2417 equum,
1305 2338 1662 2419 ducibusque
1700 2339 1921 2399 relictis

354 2422 591 2501 Gurgite
638 2423 710 2483 de
759 2425 950 2484 medio
992 2424 1170 2484 frenis
1218 2439 1536 2502 suspensus
1582 2432 1641 2483 et
1684 2423 1854 2484 armis

353 2508 478 2566 ‘Ite
514 2509 655 2583 viri,
705 2508 941 2584 clamat,
991 2509 1077 2569 sic
1118 2524 1228 2567 vos
1271 2508 1329 2566 in
1370 2508 1595 2568 moenia
1636 2509 1851 2586 primus

349 2590 620 2667 Ducere,
668 2593 753 2652 sic
798 2594 1026 2654 clausas
1062 2610 1255 2654 voveo
1302 2592 1670 2671 perfringere
1707 2589 1986 2652 Thebas?

472 2676 856 2755 Praecipitant
901 2679 1090 2738 cuncti
1132 2678 1343 2754 fluvio,
1386 2678 1701 2755 puduitque
1748 2684 2002 2736 secutos.
2241 2686 2335 2740 435

351 2762 442 2822 Ac
484 2761 643 2821 velut
680 2763 933 2838 ignotum
978 2763 1026 2820 si
1067 2762 1295 2840 quando
1337 2770 1589 2822 armenta
1634 2779 1744 2840 per
1786 2778 2008 2821 amnem

348 2846 557 2906 Pastor
596 2848 745 2921 agit,
791 2853 903 2905 stat
946 2847 1111 2904 triste
1155 2863 1375 2924 pecus,
1418 2845 1626 2925 procul
1661 2845 1845 2906 altera
1887 2844 2066 2905 tellus

352 2930 628 2990 Omnibus
674 2937 733 2988 et
771 2930 888 2989 late
921 2930 1141 2989 medius
1177 2932 1376 2990 timor:
1416 2939 1505 2991 ast
1541 2930 1640 2990 ubi
1679 2928 1886 2990 ductor

353 3014 575 3076 Taurus
618 3014 719 3073 init
762 3013 1017 3092 fecitque
1062 3015 1302 3091 vadum,
1346 3023 1483 3074 tunc
1524 3014 1759 3074 mollior
1799 3014 1982 3091 unda,

352 3099 516 3160 Tunc
556 3098 763 3158 faciles
812 3098 1024 3174 saltus,
1069 3101 1349 3179 visaeque
1390 3100 1678 3159 accedere
1721 3100 1904 3178 ripae.
2234 3106 2334 3162 440

476 3181 640 3243 Haud
682 3182 890 3261 procul
932 3184 1063 3243 inde
1106 3184 1296 3261 iugum
1339 3185 1592 3261 tutisque
1634 3182 2007 3244 accommoda
2047 3184 2256 3244 castris

353 3266 507 3326 Arva
545 3276 774 3342 notant,
821 3267 971 3326 unde
1015 3267 1216 3326 urbem
1259 3269 1429 3327 etiam
1473 3277 1780 3347 turresque
1819 3267 2085 3328 viderent

352 3349 650 3418 Sidonias;
689 3351 908 3430 placuit
946 3350 1121 3410 sedes
1168 3351 1381 3429 fidique
1421 3361 1731 3431 receptus,

351 3430 520 3491 Colle
565 3450 671 3510 per
713 3434 1012 3495 excelsum
1049 3434 1281 3515 patu10,
1327 3452 1498 3514 quem
1543 3437 1742 3499 subter
1783 3445 1988 3517 aperto
