2517 3909
822 172 1224 222 THEBAIDOS
1266 174 1403 222 LIB.
1447 174 1495 222 Ι.

154 328 359 390 Haurit
398 327 538 389 iter:
584 328 779 409 pulsat
820 338 1009 390 metus
1050 327 1303 408 undique
1346 338 1406 390 et
1445 330 1699 410 undique
1740 330 1941 392 frater.

154 413 251 474 Ac
290 412 458 474 velut
496 412 742 475 hiberno
787 415 1115 494 deprensus
1157 415 1350 475 navita
1392 424 1596 495 ponto,

159 497 269 559 Cui
311 516 503 578 neque
544 508 700 562 temo
747 500 919 578 piger
958 516 1151 578 neque
1198 499 1386 560 amico
1427 500 1624 560 sidere
1668 509 1948 561 monstrat
2015 546 2018 549 .

151 582 313 644 Luna
356 584 519 659 vias,
563 583 756 645 medio
802 583 958 646 coeli
999 583 1318 664 pelagique
1357 584 1599 645 tumultu

154 670 286 728 Stat
328 668 569 728 rationis
610 669 814 749 inops,
858 670 970 729 iam
1004 669 1233 747 iamque
1279 678 1375 729 aut
1418 685 1559 730 saxa
1596 668 1864 747 malignis

150 750 454 833 Expectat
496 752 799 816 submersa
841 752 1040 830 vadis,
1087 762 1183 815 aut
1220 754 1447 814 vertice
1490 763 1662 815 acuto

153 837 503 917 spumantes
547 838 828 918 scopulos
872 847 1109 899 erectae
1154 840 1454 899 incurrere
1501 855 1734 918 prorae.

282 919 443 982 Talis
488 940 673 1003 opaca
710 922 920 1001 legens
962 939 1259 983 nemorum
1309 921 1616 984 Cadmeius
1659 923 1838 985 heros

148 1006 505 1086 Accelerat,
548 1017 717 1069 vasto
763 1007 1069 1069 metuenda
1109 1006 1361 1068 umbone
1405 1007 1659 1069 ferarum
1713 1072 1719 1078 ,

148 1090 475 1152 Excutiens
517 1093 774 1171 stabula,
823 1102 882 1153 et
927 1110 1113 1172 prono
1154 1092 1405 1171 virgulta
1448 1091 1714 1171 refringit
1800 1145 1807 1154 .

147 1177 435 1246 Pectore;
478 1177 573 1238 dat
612 1178 875 1239 stimulos
916 1178 1102 1239 animo
1145 1178 1237 1238 vis
1280 1186 1505 1240 moesta
1548 1178 1789 1254 timoris,

147 1260 364 1322 Donec
410 1262 481 1322 ab
521 1262 770 1323 Inachiis
807 1264 961 1324 victa
1006 1262 1255 1339 caligine
1297 1264 1469 1323 tectis

146 1345 405 1407 Emicuit
447 1346 636 1408 lucem
681 1347 910 1408 devexa
952 1348 1008 1408 in
1051 1348 1280 1408 moenia
1325 1347 1570 1407 fundens

144 1431 492 1492 Larissaeus
536 1450 708 1512 apex.
797 1431 908 1493 Illo
952 1450 1061 1512 spe
1088 1434 1372 1493 concitus
1418 1432 1570 1491 omni

148 1514 399 1585 Evolat;
446 1516 580 1577 hinc
625 1516 825 1579 celsae
869 1516 1104 1578 Iunonis
1140 1516 1360 1596 templa
1399 1514 1757 1593 Prosymnae

144 1599 381 1661 Laevus
420 1601 631 1679 habet,
671 1602 806 1664 hinc
845 1601 1142 1664 Herculeo
1187 1603 1413 1680 signata
1455 1617 1680 1680 vapore

144 1685 398 1745 Lernaei
442 1696 647 1765 stagna
691 1696 814 1748 atra
856 1686 1022 1762 vadi,
1068 1685 1418 1764 tandemque
1462 1684 1710 1752 reclusis

147 1769 406 1830 Infertur
444 1772 659 1851 portis,
703 1782 954 1833 actutum
987 1772 1151 1849 regia
1195 1772 1381 1831 cernit

145 1854 488 1925 Vestibula;
533 1855 628 1917 hic
678 1866 836 1917 artus
876 1855 1042 1916 imbri
1085 1865 1383 1935 ventoque
1425 1851 1686 1931 rigentes

145 1939 370 2000 Proicit
410 1941 764 2021 ignotaeque
808 1941 1049 2003 acclinis
1096 1939 1364 2020 postibus
1409 1938 1579 2000 aulae

146 2023 356 2085 Invitat
398 2034 606 2088 tenues
648 2025 721 2087 ad
768 2026 909 2092 dura
955 2025 1170 2086 cubilia
1212 2041 1470 2085 somnos,

277 2108 408 2170 Rex
449 2110 530 2171 ibi
571 2111 915 2190 tranquillae
958 2110 1150 2171 medio
1197 2110 1272 2171 de
1311 2109 1492 2170 limite
1537 2108 1691 2168 vitae

148 2194 217 2255 In
264 2196 485 2256 senium
529 2213 790 2273 vergens
833 2195 1085 2276 populos
1124 2194 1410 2256 Adrastus
1453 2192 1729 2267 habebat,

148 2279 333 2340 Dives
374 2281 495 2340 avis
540 2289 600 2340 et
638 2289 888 2361 utroque
931 2280 1132 2342 Iovem
1175 2279 1249 2342 de
1292 2280 1574 2358 sanguine
1619 2278 1860 2339 ducens.

145 2363 258 2424 Hic
296 2382 472 2425 sexus
511 2365 769 2426 melioris
813 2366 1016 2445 inops,
1062 2364 1169 2426 sed
1210 2365 1383 2445 prole
1421 2363 1648 2424 virebat

144 2447 459 2526 Feminea,
503 2450 737 2528 gemino
782 2460 1039 2512 natarum
1082 2450 1330 2528 pignore
1371 2449 1568 2512 fultus,

147 2531 260 2593 Cui
300 2532 572 2594 Phoebus
614 2553 872 2612 generos
902 2569 986 2580 --
1022 2543 1338 2594 monstrum
1384 2531 1681 2593 exitiabile
1727 2531 1912 2596 dictu!

145 2617 289 2678 Mox
328 2620 606 2698 adaperta
647 2619 795 2679 fides
832 2653 917 2665 —-
957 2636 1105 2679 aevo
1147 2619 1400 2678 ducente
1445 2615 1692 2679 canebat

147 2703 597 2783 setigerumque
642 2722 806 2764 suem
852 2712 910 2764 et
952 2703 1170 2764 fulvum
1214 2701 1527 2763 adventare
1572 2700 1825 2762 leonem.

143 2786 310 2848 Haec
352 2789 599 2849 volvens
639 2806 754 2848 non
797 2790 927 2868 ipse
965 2798 1164 2867 pater,
1209 2805 1326 2847 non
1371 2786 1544 2847 docte
1593 2786 1770 2848 futuri

144 2872 500 2952 Amphiarae
542 2873 743 2951 vides,
788 2873 1002 2933 etenim
1043 2882 1202 2934 vetat
1243 2881 1449 2933 auctor
1490 2871 1732 2950 Apollo.
1902 2952 1907 2956 q

148 2956 389 3017 Tantum
431 2961 489 3019 in
527 2958 706 3019 corde
753 2957 969 3020 sedens
1008 2958 1304 3035 aegrescit
1350 2974 1488 3017 cura
1528 2958 1806 3035 parentis.

272 3042 435 3105 Ecce
476 3054 665 3104 autem
702 3044 992 3123 antiquam
1028 3042 1148 3106 fato
1189 3040 1491 3117 Calydona
1534 3040 1872 3120 relinquens

146 3127 386 3188 Olenius
433 3127 671 3205 Tydeus
716 3162 798 3176 —-
840 3129 1080 3190 fraterni
1116 3128 1410 3205 sanguinis
1448 3126 1611 3191 illum

146 3212 433 3273 Conscius
479 3213 689 3274 horror
732 3214 851 3292 agit
890 3247 977 3259 -—-
1021 3212 1224 3274 eadem
1267 3210 1374 3272 sub
1411 3221 1585 3272 nocte
1631 3225 1847 3290 sopora

141 3297 348 3359 Lustra
392 3298 564 3375 terit,
609 3298 945 3377 similesque
988 3297 1177 3359 Notos
1222 3296 1542 3377 dequestus
1587 3304 1646 3356 et
1687 3293 1923 3367 imbres,

143 3382 402 3444 Infusam
435 3391 611 3462 tergo
651 3384 906 3461 glaciem
950 3393 1009 3444 et
1046 3384 1323 3463 liquentia
1366 3380 1574 3443 nimbis

146 3467 264 3532 Ora
306 3486 622 3549 comasque
663 3486 880 3549 gerens
926 3467 1092 3530 subit
1125 3485 1240 3529 uno
1286 3468 1578 3545 tegmine,
1625 3465 1814 3604 (τιιίιὲιει,ᾳ

2083 162 2158 224 19

2053 424 2160 481 370

2049 846 2154 903 375

2048 1271 2156 1327 380

2045 2114 2152 2169 390

2043 2540 2148 2596 395

2039 3384 2143 3441 405
