2517 3909
892 177 1288 232 'SILUARUM
1324 179 1387 233 L.
1426 179 1468 247 1,
1509 185 1558 233 3.
2221 177 2305 241 21

174 323 462 406 Sedibus,
508 327 573 387 et
617 323 913 387 uolucres
958 315 1170 387 uetuit
1211 323 1517 388 decedere
1560 326 1766 389 natos,

174 412 225 478 Ο
268 414 542 498 longum
587 413 1011 477 memoranda
1056 412 1222 478 dies!
1272 435 1434 497 quae
1481 417 1696 478 mente
1740 415 2004 496 reporto

175 502 443 586 Gaudia,
489 523 686 585 quam
732 502 943 565 lassos
985 522 1104 585 per
1147 504 1250 567 tot
1295 503 1604 567 miracula
1648 503 1855 566 uisus!

171 590 513 676 Ingenium
559 612 756 674 quam
788 590 959 654 mite
1005 591 1171 655 solo!
1222 611 1390 676 quae
1434 592 1649 655 forma
1692 591 1905 656 beatis
2247 606 2313 655 15

104 749 115 756 ῃ
172 681 331 745 Arte
379 701 613 744 manus
658 679 948 762 facieque
993 679 1182 744 locis!
1232 701 1367 744 non
1413 679 1657 764 largius
1703 701 1978 782 usquam

170 769 455 834 Indulsit
497 771 738 832 natura
782 768 925 832 sibi.
1014 790 1285 832 nemora
1331 769 1466 832 alta
1511 769 1728 833 citatis

171 858 531 922 Incubuere
577 857 795 941 uadis3
840 856 1042 920 fallax
1088 862 1435 941 responsat
1476 859 1696 941 imago

171 946 561 1030 FrondibuS,
607 948 675 1010 et
718 947 953 1030 longas
1001 946 1225 1010 eadem
1270 947 1445 1031 fugit
1488 947 1667 1010 unda
1710 969 1828 1031 per
1872 947 2153 1010 umbras,

171 1035 321 1119 Ipse
368 1034 590 1099 Anien
635 1032 981 1121 (miranda-
998 1032 1195 1120 fides)
1241 1035 1541 1119 infraque
1590 1057 1909 1121 superque
2245 1049 2315 1099 20

175 1124 421 1189 Saxeus
466 1124 574 1187 hic
619 1123 938 1187 tumidam
985 1124 1233 1188 rabiem
1282 1143 1715 1209 spumosaque
1763 1126 1951 1210 ponit

171 1211 527 1296 Murmura,
573 1234 690 1276 ceu
734 1212 975 1296 placidi
1018 1212 1265 1276 ueritus
1309 1214 1574 1277 turbare
1621 1213 1890 1298 Uopisci

172 1301 553 1386 Pieriosque
600 1301 738 1365 dies
785 1305 851 1365 et
896 1302 1144 1365 alentes
1191 1302 1478 1365 carmina
1524 1323 1806 1368 somnos.

171 1390 357 1455 Litus
405 1395 751 1474 utrumque
797 1390 991 1469 domi,
1035 1409 1159 1454 nec
1201 1394 1269 1453 te
1314 1391 1697 1456 mitissimus
1746 1393 1956 1456 amnis

173 1478 445 1543 Diuidit.
534 1480 822 1543 alternas
869 1482 1137 1543 seruant
1179 1479 1510 1563 praetoria
1547 1480 1732 1565 ripas
2249 1493 2316 1542 25

178 1567 332 1634 Non
381 1572 651 1634 externa
696 1568 821 1632 sibi
863 1567 1145 1632 fluuioue
1193 1571 1455 1652 apstare
1504 1574 1877 1654 queruntur.

178 1655 499 1721 Sestiacos
544 1678 720 1720 nunc
765 1657 943 1720 fama
980 1658 1168 1721 sinus
1215 1658 1614 1742 pelagusque
1656 1661 1954 1723 natatum

174 1744 384 1811 Iactet
430 1748 497 1809 et
541 1745 771 1809 audaci
815 1746 1074 1809 iunctos
1124 1746 1463 1830 delphinas
1513 1748 1789 1829 ephebo!

175 1834 297 1898 Hic
345 1838 616 1899 aeterna
661 1835 861 1918 quies,
904 1834 1102 1898 nullis
1147 1833 1254 1898 hic
1301 1836 1446 1899 i-ura
1490 1837 1812 1919 procellis,

176 1921 551 2008 Numquam
598 1922 818 1987 feruor
864 1923 1067 2006 aquis.
1142 1924 1333 1987 datur
1375 1923 1483 1988 hic
1528 1926 1972 1989 transmittere
2019 1924 2195 1987 uisus
2252 1939 2321 1987 30

178 2011 263 2076 Et
307 2033 507 2076 uoces
553 2014 620 2075 et
662 2032 871 2096 paene
914 2032 1166 2075 manus,
1258 2013 1351 2076 sic
1400 2010 1707 2078 Chalcida
1753 2014 1985 2077 fluctus

173 2100 530 2184 Expellunt
564 2100 745 2184 flaui,
793 2101 887 2164 sic
934 2100 1287 2164 dissociata
1323 2101 1649 2185 profundo

175 2188 438 2253 Bruttia
485 2188 813 2253 Sicanium
861 2183 1299 2272 circumspicit
1341 2211 1459 2254 ora
1504 2189 1824 2256 Pelorum.

178 2276 342 2354 Quid
391 2278 680 2362 primum
726 2278 1092 2342 mediumue
1136 2295 1387 2362 canam,
1434 2301 1563 2364 quo
1608 2280 1736 2345 fine
1782 2277 2154 2364 quiescam?

173 2368 548 2432 Auratasne
592 2368 817 2431 trabes
864 2388 948 2431 an
993 2366 1272 2431 Mauros
1307 2368 1590 2453 undique
1637 2370 1846 2455 postis
2250 2383 2318 2433 35

176 2458 282 2520 An
326 2456 659 2540 picturata
702 2456 993 2522 lucentia
1037 2476 1361 2520 marmora
1404 2478 1575 2521 uena

320 2744 388 2792 12
436 2736 722 2792 discedere
769 2741 815 2789 Δ
866 2743 926 2806 0,
977 2738 1190 2792 eorreoei
1215 2740 1235 2807 ΙΙ
1267 2744 1332 2793 16
1379 2737 1634 2807 facieque
1679 2740 1880 2807 scripsi
1926 2740 1960 2794 l.
2001 2740 2036 2793 l.
2075 2756 2137 2808 p.
2177 2742 2323 2794 253.-

177 2812 468 2878 artemque
516 2814 552 2860 0
597 2827 632 2861 a
678 2824 943 2863 concessa
990 2810 1029 2861 ς
1073 2811 1092 2878 ΙΙ
1139 2815 1206 2863 19
1252 2810 1405 2863 unda
1447 2826 1548 2879 per
1591 2811 1819 2864 umbras
1867 2816 1929 2864 ςε
1977 2811 2178 2864 umbra
2221 2826 2324 2879 per

178 2880 357 2935 undas
396 2885 432 2931 0
469 2898 504 2931 a
528 2881 549 2950 ΙΙ
577 2884 646 2933 20
682 2880 810 2948 Ipse
844 2880 1038 2935 Dum„-
1072 2881 1204 2949 Ipsa
1241 2886 1278 2932 0
1314 2899 1348 2933 a
1379 2883 1389 2949 1
1422 2880 1585 2935 anien
1619 2879 1730 2935 st:
1769 2884 1960 2936 autem
1999 2884 2173 2951 01121
2214 2881 2324 2934 Uix

176 2969 304 3006 suus
332 2951 583 3016 Markl.;
610 2952 797 3019 possis
823 2951 966 3005 Tam
992 2951 1140 3005 ferus
1166 2953 1186 3021 ΙΙ
1214 2958 1282 3005 23
1311 2953 1528 3006 alentes
1556 2952 1851 3007 Heinsius:
1877 2953 2151 3007 habentes
2181 2958 2216 3004 0
2244 2970 2278 3004 a
2304 2950 2325 3023 ΙΙ

177 3028 245 3075 24
280 3025 594 3091 corruptus
631 3022 694 3076 L.
728 3020 901 3075 utrim
903 3038 1029 3091 q‚ue
1066 3023 1292 3076 domus:
1336 3038 1441 3077 nec
1489 3039 1547 3076 se
1583 3041 1656 3075 111.
1695 3040 1744 3078 a.
1785 3024 2044 3093 Isipsius;
2090 3029 2141 3077 et
2187 3028 2325 3078 certe

176 3093 374 3174 domus
420 3108 786 3148 nece-semum
838 3098 946 3158 est,·
998 3094 1233 3160 fortasse
1279 3093 1341 3147 L.
1390 3112 1443 3147 u.
1492 3094 1692 3148 domus
1737 3098 1896 3149 tenet
1941 3097 2001 3149 et
2034 3094 2156 3149 mit.
2204 3112 2255 3148 a.
2308 3094 2318 3165 Ι

177 3162 358 3218 amnis
409 3168 472 3218 ς.
522 3179 703 3218 annus
750 3169 786 3215 0
823 3163 983 3219 annis
1019 3169 1082 3235 Δ,
1119 3170 1184 3218 ut
1217 3165 1336 3219 uid.
1375 3163 1393 3235 ΙΙ
1429 3171 1499 3220 26
1536 3164 1780 3220 fluuioue
1827 3168 2053 3235 apetare
2096 3166 2325 3234 scripsi:

177 3234 475 3289 fluuiorum
510 3236 706 3304 optare
743 3240 780 3286 0
806 3253 856 3303 a,
891 3208 1199 3290 fluuiumue
1235 3236 1461 3290 obstare
1495 3236 1657 3291 Dom.
1687 3238 1708 3305 ΙΙ
1734 3241 1802 3290 28
1839 3238 2023 3291 uictos
2060 3241 2106 3289 Δ
2142 3236 2324 3291 uictos

179 3310 211 3355 0
236 3308 256 3375 ΙΙ
284 3312 352 3360 32
373 3306 682 3376 Expellunt
704 3307 1420 3376 wioesanum;1)ispescunt
1439 3306 1709 3361 Heinsius
1726 3307 2021 3361 Diuellunt
2047 3307 2280 3362 Guietaeae
2311 3307 2320 3378 Ι

178 3375 308 3431 flaui
345 3378 575 3445 scripsi.
618 3376 777 3431 fluuii
816 3383 851 3429 0
886 3396 921 3430 a
956 3378 1116 3431 reflui
1170 3378 1620 3447 Lindenbroyius
1672 3378 1857 3447 refugi
1912 3377 2152 3432 Gmceus
2190 3381 2210 3445 ΙΙ
2255 3384 2324 3430 36

179 3463 323 3501 uena
369 3449 464 3500 A*
494 3453 555 3502 0:
593 3448 729 3503 luna
759 3453 794 3503 ς
