2517 3909
194 146 323 213 134
920 149 981 205 P.
1020 149 1301 219 PAPINII
1336 151 1580 210 STATII

180 300 482 387 Effigies:
518 300 644 366 hoc
683 321 828 366 aere
865 299 1079 385 Ceres,
1123 300 1249 365 hoc
1294 299 1508 366 lucida
1545 298 1808 386 Cnosis,
1938 363 1943 378 ,

180 390 305 454 Illo
350 388 527 454 Maia
569 390 776 474 tholo,
823 388 1046 454 Uenus
1091 390 1215 456 hoc
1259 412 1396 455 non
1439 391 1736 476 improba
1782 413 1959 457 saxo.

182 478 536 563 Accipiunt
579 479 798 544 uultus
844 478 1007 543 haut
1050 479 1392 565 indignata
1436 480 1703 546 decoros

179 565 492 633 Numina:
539 568 964 634 circumstant
1008 568 1236 633 famuli
1283 571 1717 654 consuetaque
1762 571 1957 636 turba
2224 584 2328 635 235

182 655 555 743 obsequiis,
599 661 757 723 tunc
802 657 927 723 rite
972 658 1104 722 tori
1148 678 1538 743 mensaeque
1583 663 1896 743 parantur

179 744 520 812 Assiduae.
610 746 844 813 domus
891 746 1038 832 ista,
1084 745 1341 813 domus!
1390 747 1534 831 quis
1580 747 1770 812 triste
1816 749 2191 832 sepulcrum

183 832 483 900 Dixerit?
526 835 650 901 hac
696 836 931 901 merito
976 836 1120 900 uisa
1163 835 1406 920 pietate
1450 835 1669 902 mariti

178 922 485 991 Protinus
533 925 881 991 exclames:
930 922 1071 991 ‘est
1106 923 1231 1008 hic,
1278 946 1583 1011 agnosce,
1627 926 1928 993 minister

178 1011 381 1098 Illius,
430 1017 733 1079 aeternae
779 1013 976 1079 modo
1023 1013 1136 1099 qui
1181 1015 1465 1080 sacraria
1511 1016 1694 1101 genti
2221 1032 2328 1081 240

178 1099 485 1167 Condidit
528 1103 724 1188 inque
771 1103 899 1168 ah'o
945 1104 1166 1188 posuit
1209 1126 1331 1169 sua
1374 1104 1588 1169 sidera
1632 1105 1853 1172 caelo?

179 1188 303 1274 Sic,
346 1192 462 1257 ubi
506 1212 748 1278 magna
793 1213 1041 1258 nouum
1084 1192 1327 1257 Phario
1374 1192 1452 1258 de
1499 1194 1688 1259 litore
1732 1195 1967 1279 puppis

179 1276 393 1345 Soluit
436 1281 561 1345 iter
605 1282 865 1367 iamque
910 1283 1289 1348 innumeros
1333 1281 1656 1367 utrimque
1701 1283 2003 1349 rudentes

178 1366 470 1454 Lataque
515 1369 769 1435 ueliferi
813 1371 1100 1454 porrexit
1143 1369 1410 1437 brachia
1454 1370 1611 1435 mali
2258 1449 2263 1453 ⁶

176 1455 556 1543 Inuasitque
600 1459 764 1543 uias,
810 1461 880 1525 in
926 1459 1151 1525 eodem
1197 1463 1478 1545 angusta
1522 1458 1825 1544 phaselos
2218 1478 2326 1528 245

178 1545 479 1631 Aequore
525 1550 592 1612 et
633 1547 939 1613 immensi
974 1552 1228 1632 partem
1275 1548 1396 1614 sibi
1436 1548 1727 1614 uindicat
1771 1551 1995 1616 austri.

175 1633 344 1710 Quid
389 1657 563 1704 nunc
608 1635 986 1721 inmodicos,
1030 1637 1339 1702 iuuenum
1384 1638 1749 1724 lectissime,
1794 1639 1984 1705 fietus

176 1722 385 1790 Corde
430 1725 616 1791 foues
661 1726 1059 1811 longumque
1104 1729 1290 1791 uetas
1339 1728 1511 1791 exire
1549 1727 1881 1793 dolorem?

172 1811 425 1898 Nempe
469 1815 679 1898 times,
724 1836 808 1879 ne
855 1812 1206 1880 Cerbereos
1251 1814 1552 1881 Priscilla
1595 1819 1946 1882 tremescat

172 1900 523 1968 Latratus?
568 1908 744 1970 tacet
787 1904 896 1968 ille
940 1903 1093 1988 piis!
1147 1925 1229 1968 ne
1274 1904 1525 1976 tardior
1570 1904 1756 1970 adsit
2217 1922 2328 1973 250

171 1989 236 2056 N
238 1992 418 2057 auita
462 1993 927 2077 proturbetque
971 1991 1157 2056 uadis
1170 1992 1205 2057 Ῥ
1277 1993 1458 2057 uehit
1500 1993 1609 2057 ille
1653 1996 1975 2058 merentes

173 2080 481 2148 Protinus
530 2085 597 2146 et
640 2101 866 2145 manes
911 2079 1203 2164 placidus
1248 2081 1426 2146 locat
1467 2081 1727 2166 hospite
1774 2082 2023 2165 cymba.

173 2168 535 2254 Praeterea,
582 2170 638 2234 si
684 2168 942 2253 quando
989 2168 1097 2253 pio
1143 2168 1406 2234 laudata
1449 2170 1686 2235 marito

170 2255 423 2322 Umbra
467 2257 668 2341 uenit,
713 2256 894 2321 iubet
938 2256 1031 2321 ire
1077 2254 1249 2321 faces
1295 2256 1713 2344 Proserpina
1732 2259 1940 2328 laetas

168 2343 614 2431 Egressasque
661 2345 861 2411 saeris
906 2347 1155 2409 ueteres
1210 2345 1514 2412 heroidas
1562 2348 1770 2412 antris
2213 2366 2324 2416 255

170 2432 444 2499 Lumine
489 2455 814 2518 purpureo
859 2433 1083 2498 tristes
1130 2433 1352 2499 laxare
1395 2435 1698 2501 tenebras

170 2520 484 2607 Sertaque
531 2526 597 2587 et
639 2522 903 2607 Elysios
950 2521 1205 2587 animae
1248 2528 1695 2607 praesternere
1741 2523 1950 2592 flores.

169 2608 274 2676 Sic
319 2633 544 2677 manes
581 2610 876 2676 Priscilla
921 2610 1126 2695 subit3
1178 2610 1299 2675 ibi.
1319 2612 1607 2696 supplice
1653 2612 1881 2678 dextra

167 2698 293 2764 Pro
340 2702 406 2764 te
450 2698 592 2764 fata
636 2703 844 2784 rogat,
887 2719 1073 2783 reges
1117 2700 1241 2764 tibi
1285 2700 1495 2764 tristis
1540 2700 1789 2766 Auerni
2170 2747 2194 2770 .

168 2787 412 2872 Placat,
459 2793 533 2853 ut
578 2788 850 2872 expletis
896 2787 1166 2851 humani
1210 2787 1447 2852 finibus
1495 2789 1639 2854 aeui
2212 2811 2323 2860 260

165 2876 518 2942 Pacantem
561 2880 771 2941 terras
819 2876 1153 2940 dominum
1198 2876 1626 2962 iuuenemque
1671 2878 2002 2964 relinquas

166 2962 316 3050 Ipse
363 2968 582 3032 senex!
659 2968 874 3031 certae
919 2963 1138 3028 iurant
1181 2963 1252 3027 in
1296 2968 1453 3029 uota
1498 2987 1771 3032 sorores.

307 3130 411 3179 232
449 3121 650 3180 Gnosis
687 3127 724 3174 c
762 3139 812 3191 a,
848 3120 1065 3176 correxi
1086 3117 1112 3195 ΙΙ
1136 3125 1238 3174 233
1277 3119 1397 3176 tolo
1434 3125 1481 3172 Δ
1517 3126 1577 3176 c:
1620 3123 1748 3179 loco
1794 3142 1852 3190 ας
1893 3141 2032 3181 auro
2065 3126 2323 3195 Markl.;

165 3211 242 3249 an
277 3194 441 3256 luto?
467 3196 488 3266 ΙΙ
514 3201 621 3251 236
657 3195 792 3247 tunc
827 3197 874 3244 A
912 3197 972 3245 c:
1013 3192 1137 3244 tum
1172 3191 1293 3245 edd.
1346 3189 1368 3260 Η
1422 3195 1527 3245 238
1564 3193 1669 3248 hec
1716 3199 1751 3246 Ο
1790 3213 1824 3248 a
1849 3197 1870 3264 ΙΙ
1897 3201 2004 3250 243
2043 3197 2322 3268 utrinque

163 3269 239 3319 A:
286 3267 564 3335 utrunque
602 3272 637 3318 c
661 3265 683 3333 ΙΙ
710 3268 813 3319 245
850 3261 931 3332 in]
959 3261 1009 3316 it
1042 3260 1345 3315 Geuartius
1377 3259 1398 3331 ΙΙ
1434 3265 1538 3315 247
1574 3261 1780 3320 lectiae.
1829 3269 1903 3320 A:
1950 3265 2234 3324 letissime
2285 3275 2322 3322 c

169 3335 177 3406 Ι
220 3339 322 3390 252
370 3337 591 3407 cymba]
638 3336 766 3406 ripa
811 3333 1022 3389 Mam-kl.
1050 3334 1199 3401 {1253
1237 3331 1461 3402 plorata
1496 3331 1702 3388 marito
1743 3336 1954 3391 Markl.
1984 3338 2005 3406 ΙΙ
2033 3343 2142 3393 261
2182 3339 2321 3395 Pla·

165 3408 386 3463 cantem
424 3414 460 3461 c
496 3427 530 3461 a
