2517 3909
755 918 845 1000 P.
890 912 1336 998 PAPINII
1380 912 1755 996 STATII

543 1072 1994 1175 SILUARUM

1001 1247 1524 1316 LIBERV.

697 1568 1001 1625 STATIUS
1037 1569 1481 1626 ABASGANTO
1516 1569 1654 1626 SUO
1694 1570 1846 1625 SAL.

374 1695 697 1763 Omnibus
743 1694 1080 1765 affectibus
1134 1698 1585 1784 prosequenda
1621 1701 1775 1763 sunt
1818 1697 1997 1762 bona
2032 1693 2341 1778 exempla,
2388 1716 2419 1765 5

190 1808 342 1853 cum
389 1785 646 1870 publice
692 1786 962 1872 prosint.
1047 1788 1284 1873 pietas,
1338 1809 1533 1873 quam
1577 1785 1907 1852 Priscillae
1961 1788 2113 1849 tuae
2158 1803 2341 1867 prae-

194 1879 355 1959 stas,
423 1878 500 1940 ut
561 1898 816 1942 morum
878 1879 1142 1944 tuorum
1205 1900 1360 1962 pars
1422 1877 1589 1942 nulli
1650 1897 1784 1941 non
1848 1873 2194 1940 conciliare
2257 1874 2343 1953 te,

194 1964 546 2050 praecipue
618 1965 886 2051 marite,
954 1969 1191 2050 potest.
1281 1988 1547 2032 uxorem
1605 1965 1778 2031 enim
1841 1963 2062 2028 uiuam
2127 1981 2344 2026 amare

195 2054 507 2138 uoluptas
563 2058 689 2141 est,
743 2055 1112 2121 defunctam
1166 2055 1420 2141 religio.
1518 2076 1640 2141 ego
1694 2056 1918 2119 tamen
1969 2051 2119 2116 huic
2166 2050 2347 2134 operi

197 2165 335 2208 non
372 2146 451 2207 ut
496 2166 667 2210 unus
705 2165 739 2208 e
773 2146 970 2210 turba
1011 2166 1131 2210 nec
1176 2148 1435 2210 tantum
1484 2144 1672 2230 quasi
1718 2142 2048 2210 officiosus
2096 2139 2347 2204 adsilui.
2388 2161 2454 2211 10

195 2232 450 2298 amauit
485 2233 656 2298 enim
695 2255 960 2299 uxorem
996 2256 1212 2299 meam
1247 2233 1546 2300 Priscilla
1583 2237 1649 2299 et
1685 2231 1965 2299 amando
2000 2229 2156 2295 fecit
2190 2227 2350 2293 mihi

198 2322 387 2387 illam
445 2322 916 2409 probatiorem3
978 2326 1247 2408 propter
1295 2323 1422 2389 hoc
1472 2323 1770 2409 ingratus
1827 2343 2002 2405 sum,
2056 2319 2113 2384 si
2164 2315 2350 2383 lacri-

198 2433 343 2476 mas
399 2414 550 2476 tuas
604 2416 885 2478 transeo.
967 2415 1302 2497 praeterea
1360 2414 1532 2478 latus
1579 2433 1771 2506 omne
1817 2410 2073 2476 diuinae
2119 2407 2350 2473 domus

199 2521 464 2583 semper
509 2500 823 2566 demereri
866 2524 985 2586 pro
1031 2524 1178 2567 mea
1220 2502 1665 2568 mediocritate
1703 2500 1977 2567 conitor.
2049 2519 2204 2562 nam
2242 2494 2353 2580 qui

203 2589 382 2654 bona
438 2588 564 2653 fide
622 2589 778 2656 deos
835 2591 1019 2676 colit,
1073 2594 1252 2656 amat
1310 2595 1376 2657 et
1422 2591 1802 2656 sacerdotes,
1887 2589 2000 2655 sed
2048 2585 2346 2673 quamuis
2394 2604 2458 2654 15

201 2677 580 2763 propiorem
600 2700 790 2744 usum
809 2680 1129 2745 amicitiae
1156 2682 1309 2745 tuae
1335 2680 1717 2766 iampridem
1747 2700 2065 2765 cuperem,
2091 2675 2351 2741 mallem

203 2771 431 2833 tamen
475 2766 765 2833 nondum
809 2769 1137 2835 inuenisse
1182 2771 1543 2836 materiam.

359 3068 616 3124 Titulwm
641 3069 1019 3139 praefationis
1063 3086 1131 3124 ex
1166 3073 1213 3123 A
1250 3075 1286 3121 c
1334 3072 1461 3125 dedi
1500 3072 1509 3138 Ι
1553 3070 1654 3127 sal.
1691 3074 1763 3124 A:
1813 3071 2056 3127 salutem
2094 3073 2129 3119 c
2165 3069 2185 3137 u
2224 3074 2253 3121 7
2292 3066 2358 3120 ut

206 3141 439 3210 scripsi:
476 3143 538 3196 et
572 3146 609 3193 c
647 3160 681 3195 a
712 3144 721 3210 Ι
753 3141 812 3195 et
847 3139 992 3195 nulli
1027 3146 1081 3210 c,
1120 3143 1180 3196 et
1213 3142 1351 3196 delet
1386 3144 1433 3194 A
1458 3143 1478 3211 ΙΙ
1508 3148 1575 3197 10
1612 3142 1822 3198 otiosus
1861 3147 1897 3198 ς
1935 3142 1956 3210 ΙΙ
2002 3145 2068 3195 11
2106 3137 2359 3209 priscilla

210 3216 250 3268 ς
284 3230 345 3266 a:
383 3211 696 3283 priscillam
723 3212 901 3282 01112
930 3214 1161 3283 propter
1185 3214 1414 3282 scripsi:
1449 3216 1583 3284 post
1615 3219 1652 3266 c
1680 3216 1759 3284 all
1788 3221 1855 3270 16
1880 3230 2046 3268 usum
2075 3215 2139 3266 3:
2175 3210 2362 3266 uisum

210 3288 260 3337 A
295 3288 332 3335 (ἓ
372 3300 582 3340 nexum
626 3286 745 3343 edd.
792 3284 813 3353 ΙΙ
861 3289 927 3338 17
965 3283 1248 3340 inuenisse
1285 3284 1362 3337 A*
1399 3290 1459 3339 c:
1495 3286 1860 3341 interuenisse
1900 3290 1935 3340 ς
1981 3286 2002 3354 ΙΙ
2045 3281 2386 3362 imperfecta.

216 3355 348 3411 haec
383 3357 672 3425 praefatio
709 3375 747 3412 a
782 3354 965 3411 Statio
1001 3356 1140 3426 ipso,
1184 3360 1252 3411 ut
1287 3357 1527 3426 uidetwr,
1562 3358 1770 3426 relicta,
1805 3357 2010 3427 quippe
2034 3359 2165 3425 post
2203 3367 2363 3408 cutus

212 3433 437 3482 mortem
473 3429 700 3497 quintus
734 3429 824 3484 hic
860 3427 996 3483 liber
1030 3428 1105 3483 sit
1140 3428 1335 3483 editus,
