2517 3909
836 156 1234 206 mesmes
1283 157 1422 205 Lm.
1467 118 1593 204 xn.
2088 143 2211 206 255

211 313 516 389 Accubat,
559 312 712 374 haud
754 313 955 391 aliter,
999 330 1169 392 quam
1214 330 1386 391 quum
1428 309 1804 392 poscentibus
1850 313 2021 373 astris

210 400 428 463 Laetus
472 399 531 457 in
569 416 820 459 accensa
866 398 1041 459 iacuit
1084 396 1412 472 Tirynthius
1458 396 1624 458 Oeta.

214 484 525 563 Spirantes
565 501 744 562 super
785 482 1024 543 inferias
1070 484 1302 561 captiva
1334 482 1647 560 Pelasgum

220 568 492 647 Corpora
534 567 914 646 frenatosque
957 576 1158 646 pater,
1203 567 1411 627 solatia
1456 568 1602 629 sorti

212 653 547 729 Bellorum,
590 652 879 713 mactabat
921 668 1137 731 equos;
1179 651 1272 712 his
1306 652 1515 711 arduus
1554 652 1705 729 ignis
2151 660 2219 717 70

215 737 501 817 Palpitat,
540 745 599 796 et
634 738 885 815 gemitus
927 737 1160 798 tandem
1202 752 1456 815 erupere
1498 740 1760 815 paterni:

348 819 424 879 εΟ
469 821 578 880 nisi
616 821 1004 898 magnanimus
1041 829 1237 881 tantae
1278 830 1337 880 te
1381 821 1565 881 laudis
1600 821 1807 885 inisset

216 907 449 983 Ardor,
493 904 814 966 Echionios
852 923 1079 965 mecum
1119 906 1454 966 venerande
1496 916 1741 984 penates

217 992 419 1071 Atque
464 991 614 1050 ultra
652 999 889 1050 recture
930 1007 1110 1070 puer,
1156 991 1446 1050 venientia
1490 993 1585 1070 qui
1627 1011 1777 1053 nunc

220 1074 442 1136 Gaudia
483 1083 541 1134 et
580 1076 864 1153 ingratum
905 1075 1072 1152 regni
1114 1074 1251 1134 mihi
1288 1093 1490 1134 munus
1536 1077 1799 1138 acerbas.
2153 1085 2218 1139 75

221 1159 308 1220 Tu
355 1177 626 1238 superum
665 1176 930 1220 convexa
966 1160 1106 1220 licet
1151 1168 1475 1237 coetusque
1520 1163 1784 1239 perenni,

223 1243 421 1306 Credo
467 1245 767 1322 equidem,
809 1245 1022 1304 virtute
1067 1244 1266 1319 colas,
1310 1244 1445 1304 mihi
1487 1244 1689 1306 flebile
1732 1264 1968 1326 semper

218 1329 450 1389 Numen
494 1331 642 1398 eris;
688 1338 906 1407 ponant
942 1347 1073 1389 aras
1117 1329 1476 1407 excelsaque
1528 1328 1764 1392 Thebae

223 1413 467 1493 Templa
512 1413 733 1483 dicent;
778 1413 876 1474 uni
918 1414 1009 1474 fas
1054 1415 1127 1474 sit
1168 1414 1375 1490 lugere
1420 1417 1665 1492 parenti.

221 1498 301 1559 Et
344 1517 492 1558 nunc
539 1498 655 1559 heu
694 1517 845 1577 quae
889 1499 1063 1576 digna
1105 1498 1208 1558 tibi
1251 1497 1553 1559 sollemnia
1600 1518 1819 1578 quasve
2152 1508 2223 1563 80

219 1583 464 1661 Largiar
505 1581 832 1662 exequias?
875 1602 989 1643 nec
1034 1584 1086 1642 si
1129 1582 1342 1657 fatale,
1391 1592 1674 1660 potestaS,

222 1669 425 1745 Argos
466 1677 526 1728 et
566 1668 826 1748 inpulsas
876 1668 1056 1728 cineri
1091 1668 1343 1727 miscere
1387 1666 1687 1745 Mycenas,

222 1751 439 1831 Meque
483 1771 694 1833 super,
743 1753 835 1813 cui
874 1754 1025 1829 vita,
1070 1751 1265 1813 nefas!
1308 1759 1368 1812 et
1405 1753 1682 1829 sanguine
1725 1754 1842 1812 nati

222 1837 431 1898 Partus
472 1837 680 1898 honos.
766 1837 1062 1898 Eademne
1107 1837 1267 1914 dies,
1316 1835 1520 1897 eadem
1563 1837 1718 1916 inpia
1761 1837 1919 1898 bella

225 1922 350 1998 Te,
395 1941 574 2002 puer,
623 1931 681 1982 et
721 1922 879 1983 diros
920 1924 1135 1983 misere
1177 1924 1234 1981 in
1277 1930 1490 1982 tartara
1528 1918 1783 1982 fratres?
2154 1933 2223 1985 85

222 2006 304 2067 Et
345 2025 493 2067 nunc
537 2005 827 2087 Oedipodi
868 2026 975 2086 par
1018 2017 1111 2068 est
1151 2006 1383 2067 fortuna
1427 2007 1652 2067 doloris

222 2092 319 2155 Ac
362 2092 525 2163 mihi;
576 2111 743 2172 quam
792 2093 1009 2153 similes
1053 2093 1368 2170 gemimuS,
1414 2091 1568 2153 bone
1612 2091 1903 2170 Iuppiter,
1950 2087 2222 2150 umbras?

223 2176 489 2256 Accipe,
533 2188 703 2254 nate,
748 2179 830 2237 tui
868 2195 1020 2238 nova
1059 2176 1371 2239 libamenta
1413 2176 1706 2257 triumphi,

221 2261 487 2340 Accipe,
536 2271 594 2322 et
633 2261 748 2322 hoc
790 2264 1052 2340 regimen
1094 2262 1339 2323 dextrae
1377 2260 1702 2341 frontisque
1745 2259 2037 2339 superbae

222 2346 508 2423 Vincula,
561 2364 711 2426 quae
758 2349 907 2426 patri
946 2348 1176 2407 nimium
1219 2347 1504 2423 gestanda
1545 2346 1775 2407 dedisti.
2158 2354 2228 2408 90

227 2429 459 2508 Regem
498 2440 589 2509 te,
632 2451 834 2509 regem
873 2433 1073 2492 tristes
1108 2431 1435 2491 Eteocleos
1480 2430 1718 2491 umbrae

226 2515 619 2594 Adspiciant.’
707 2516 890 2577 Simul
928 2516 1321 2577 haecdicens
1362 2517 1697 2593 crinemque
1737 2531 2078 2594 manumque

226 2599 521 2676 Destruit,
563 2619 929 2680 accensaque
974 2602 1145 2662 iterat
1184 2600 1498 2661 violentius
1539 2601 1656 2660 ira:

231 2685 522 2745 ‘Saevum
564 2687 811 2764 agedum
851 2686 1219 2763 inmitemque
1261 2693 1508 2760 vocent,
1565 2699 1717 2745 nunc
1761 2682 1964 2744 funera
2006 2682 2230 2745 Lernae

230 2767 451 2829 Tecum
495 2769 703 2830 ardere
745 2780 915 2838 veto;
953 2769 1171 2847 longos
1208 2770 1422 2830 utinam
1464 2768 1686 2830 addere
1727 2786 1935 2829 sensus
2162 2778 2229 2832 95

230 2851 595 2932 Corporibus
640 2855 930 2934 coeloque
974 2857 1188 2916 animas
1228 2849 1546 2933 Ereboque
1588 2862 1869 2915 nocentes

226 2937 467 2998 Pellere
507 2938 628 3016 fas,
673 2940 976 3019 ipsumque
1018 2940 1209 3016 feras,
1250 2940 1437 3019 ipsum
1479 2957 1627 3001 unca
1660 2939 1962 3001 voluerum

231 3022 354 3083 Ora
387 3024 556 3101 sequi
598 3032 773 3103 atque
816 3033 976 3084 artus
1010 3042 1212 3102 regum
1253 3033 1575 3085 monstrare
1618 3024 1923 3086 nefandos.

228 3105 344 3167 Hei
388 3107 523 3167 mihi
537 3153 576 3184 ,.
601 3108 756 3188 quod
792 3109 1023 3188 positos
1064 3108 1267 3169 humus
1318 3109 1467 3170 alma
1504 3110 1749 3189 diesque
1796 3107 2058 3169 resolvit.

232 3190 432 3264 Quare
475 3193 682 3254 iterum
724 3202 999 3273 repetens
1038 3194 1364 3272 iterumque
1411 3194 1614 3255 edico:
1656 3211 1927 3273 suprema
2132 3203 2235 3257 100

231 3275 325 3336 Ne
369 3278 497 3355 quis
543 3295 660 3357 ope
703 3289 799 3339 aut
840 3279 1081 3340 flammis
1125 3280 1276 3339 ausit
1316 3279 1534 3339 iuvisse
1569 3279 1876 3355 Pelasgos,

232 3360 356 3421 Aut
391 3378 541 3421 nece
583 3362 737 3425 facta
781 3364 904 3425 luet
943 3380 1303 3443 numeroque
1352 3363 1616 3444 explebit
1650 3363 1919 3440 adempta

237 3442 545 3525 Corpora,
590 3465 699 3527 per
740 3466 994 3530 superos
1032 3466 1417 3529 magnumque
1462 3447 1785 3510 Menoecea
1825 3446 1995 3510 iuro.'
