2517 3909
380 134 499 197 194
1049 152 1114 199 Ρ.
1153 150 1423 203 mrum
1465 149 1698 201 sum

501 304 601 365 Sic
643 305 720 366 ait
761 305 1095 369 infrendens
1139 316 1199 369 et
1236 315 1451 388 sponte
1488 306 1813 369 liuentibus
1853 308 2025 372 undis

374 391 554 468 Signa
591 388 774 457 dedit:
826 392 996 452 mittit
1034 391 1264 470 gelidus
1299 401 1568 455 montana
1613 391 1931 455 Cithaeron

374 474 605 539 Auxilia
647 477 1024 555 antiquasque
1067 477 1234 538 nives
1279 485 1340 538 et
1377 476 1590 557 pabula
1631 476 1871 539 brumae

372 560 466 620 Ire
509 558 698 629 iubet;
743 560 924 620 frater
963 560 1172 622 tacitas
1211 560 1452 640 Asopos
1491 563 1647 623 eunti

377 642 663 705 Conciliat
703 646 863 704 vires
906 653 965 704 et
1007 645 1216 707 hiulcis
1259 645 1489 707 flumina
1530 646 1698 707 venis

376 730 683 806 Suggerit,
741 730 871 808 ipse
913 747 1094 791 cavae
1138 738 1429 791 scrutatur
1466 732 1699 792 viscera
1742 739 1960 807 terrae,

374 816 709 892 stagnaque
749 823 1170 894 torpentesque
1208 814 1372 876 lacus
1409 816 1728 894 pigrasque
1774 814 2020 894 paludes

374 897 640 974 Excutit,
685 907 858 977 atque
900 899 1102 960 avidos
1142 899 1360 961 tollens
1402 901 1477 961 ad
1519 900 1711 961 sidera
1753 899 1947 960 vultus

372 982 686 1042 Humentes
724 982 966 1044 nebulas
1001 983 1269 1045 exhaurit
1314 993 1375 1045 et
1420 1001 1559 1045 aera
1603 985 1804 1047 siccat.

371 1067 608 1146 Iamque
651 1086 831 1147 super
869 1069 1031 1147 ripas
1069 1077 1321 1148 utroque
1365 1070 1656 1129 extantior
1692 1067 1813 1129 ibat

372 1151 649 1230 Aggere,
693 1154 805 1213 iam
842 1153 1093 1214 medium
1131 1153 1306 1214 modo
1351 1155 1450 1234 qui
1492 1161 1875 1233 superaverat
1916 1170 2145 1215 amnem

372 1235 777 1316 Hippomedon
813 1238 1059 1297 intactus
1100 1240 1265 1316 aquis
1306 1238 1698 1317 humerosque
1734 1255 2055 1318 manusque

372 1321 608 1382 Miratur
651 1323 912 1383 crevisse
952 1322 1162 1383 vadum
1207 1341 1464 1402 seseque
1505 1324 1806 1382 minorem.

371 1405 519 1466 Hinc
561 1416 732 1486 atque
773 1406 906 1466 hinc
949 1406 1147 1467 tumidi
1190 1407 1431 1484 fluctus,
1478 1408 1852 1487 animosaque
1889 1407 2079 1484 surgit

376 1490 719 1571 Tempestas
754 1492 934 1551 instar
976 1491 1207 1570 pelagi,
1255 1510 1427 1571 quum
1465 1490 1734 1552 Pleiadas
1777 1491 1967 1551 haurit

373 1576 488 1637 Aut
523 1576 748 1653 nigrum
784 1576 1028 1655 trepidis
1063 1577 1307 1656 inpingit
1346 1575 1562 1639 Oriona
1602 1575 1808 1637 nautis.

498 1659 631 1720 Non
669 1678 843 1720 secus
886 1676 1183 1739 aequoreo
1222 1663 1400 1722 iactat
1441 1659 1822 1721 Theumesius
1860 1660 2044 1721 amnis

371 1744 835 1824 Hippomedonta
878 1745 1036 1822 salo,
1084 1763 1436 1824 semperque
1473 1744 1725 1807 umbone
1767 1745 2001 1805 sinistro

372 1828 651 1907 Tollitur,
699 1838 758 1890 et
801 1830 1053 1909 clipeum
1091 1831 1355 1908 nigrante
1399 1829 1738 1909 supervenit
1778 1838 1945 1890 aestu

372 1915 659 1994 Spumeus
701 1914 1020 1991 assultanS,
1062 1913 1368 1994 fractaque
1407 1913 1731 1975 refunditur
1765 1913 1918 1975 unda

372 1998 446 2059 Et
486 1999 714 2060 cumulo
754 2000 973 2060 maiore
1018 1999 1199 2068 redit;
1245 2017 1361 2059 nec
1402 1999 1559 2060 mole
1603 1999 1846 2077 liquenti

373 2082 726 2161 Contentus,
778 2085 966 2163 carpit
1005 2091 1206 2163 putres
1250 2085 1541 2145 servantia
1581 2084 1741 2162 ripas

371 2168 657 2246 Arbusta,
705 2185 1071 2248 annosasque
1114 2168 1314 2230 trabes
1356 2169 1663 2247 eiectaque
1703 2165 1883 2235 fundo

374 2255 528 2314 Saxa
564 2261 743 2323 rotat;
800 2262 916 2313 stat
952 2270 1147 2332 pugna
1180 2255 1350 2333 inpar
1389 2254 1687 2332 amnisque
1726 2251 1957 2330 virique

368 2337 709 2416 Indignante
746 2338 887 2407 deo;
928 2356 1042 2398 nec
1080 2338 1233 2398 enim
1271 2337 1367 2399 dat
1401 2346 1604 2414 terga,
1649 2354 1761 2399 nec
1793 2335 1930 2397 ullis

369 2421 677 2500 Frangitur
717 2423 819 2483 ille
859 2423 1058 2499 minis,
1100 2423 1525 2502 venientesque
1563 2421 1768 2482 obvius
1807 2419 1992 2481 undas

369 2506 548 2568 Intrat
591 2516 650 2568 et
692 2506 926 2568 obiecta
968 2506 1227 2586 dispellit
1270 2508 1499 2569 flumina
1542 2524 1760 2586 parma.

371 2592 536 2652 Stant
578 2600 735 2652 terra
776 2592 1036 2669 fugiente
1074 2592 1326 2670 gradus,
1377 2600 1438 2651 et
1478 2591 1704 2670 poplite
1742 2598 1912 2651 tenso

369 2674 612 2737 Lubrica
650 2695 792 2737 saxa
832 2686 1059 2754 tenent,
1105 2675 1471 2756 genibusque
1513 2674 1765 2737 obnixus
1799 2682 1860 2735 et
1897 2672 2156 2735 haerens

372 2760 620 2822 Subruta
658 2761 852 2822 fallaci
896 2770 1093 2822 servat
1133 2761 1384 2840 vestigia
1426 2761 1585 2836 limo,

374 2846 473 2906 Sic
519 2847 690 2906 etiam
736 2847 1118 2925 increpitans:
1169 2844 1375 2909 ‘Unde
1416 2845 1599 2921 haec,
1645 2842 1909 2920 lmese,
1949 2848 2205 2922 repente

367 2930 461 2992 Ira
501 2927 654 2991 tibi?
702 2949 891 3010 quove
938 2930 1041 2991 has
1083 2930 1307 2992 traxisti
1343 2930 1576 3008 gurgite
1613 2929 1773 2989 vires

367 3014 577 3076 Inbelli
613 3014 926 3076 famulante
969 3011 1122 3076 deo?
1178 3014 1486 3092 solumque
1529 3030 1799 3077 cruorem

370 3097 660 3161 Femineis
703 3108 951 3178 experte
989 3100 1218 3176 choris,
1280 3117 1452 3179 quum
1498 3097 1785 3161 Bacchica
1823 3095 2004 3173 mugit

370 3182 601 3260 Buxus,
655 3192 713 3244 et
751 3183 986 3245 insanae
1023 3183 1312 3245 maculant
1348 3184 1645 3244 trieterica
1688 3178 1983 3243 matres'l’

496 3266 768 3337 Dixerat;
813 3276 987 3346 atque
1028 3267 1112 3327 illi
1156 3285 1292 3329 sese
1331 3267 1475 3329 deus
1516 3265 1724 3331 obtulit
1760 3265 1914 3326 ultro

372 3348 656 3411 Turbidus
693 3351 876 3412 imbre
917 3369 1101 3429 genas
1144 3361 1205 3412 et
1246 3350 1402 3413 nube
1443 3353 1690 3412 natantis
1732 3367 1969 3429 arenae,

371 3432 499 3494 Nec
538 3436 723 3495 saevit
766 3436 967 3513 dictis,
1010 3444 1212 3496 trunca
1250 3435 1361 3497 sed
1404 3445 1647 3515 pectora
1692 3453 1913 3516 quercu

2274 1080 2365 1136 4⁵5

2270 2341 2367 2396 470

2268 2762 2365 2818 475
