2517 3909
819 120 1220 172 mesmes
1256 120 1397 170 Lm.
1438 114 1560 170 v11.
2066 110 2183 174 143

192 279 346 342 Vela
388 279 598 356 fluunt,
641 276 762 340 laxi
801 278 1085 342 iactantur
1124 275 1341 357 ubique
1380 277 1677 341 rudentes.

190 366 430 445 Iamque
471 372 665 426 natant
705 364 880 440 remi,
925 371 1083 423 natat
1125 364 1311 423 omnis
1356 365 1415 426 in
1456 380 1718 444 aequore
1755 382 1976 428 summo

190 451 460 527 Ancora,
502 450 617 510 iam
658 447 845 510 dulcis
886 445 1059 508 medii
1101 447 1177 508 de
1216 449 1450 526 gurgite
1491 450 1654 529 ponti

190 534 533 615 Respicitur
572 532 748 593 tellus
791 532 1152 611 comitesque
1194 550 1228 592 a
1270 550 1467 612 puppe
1510 533 1722 598 relicti.

319 618 566 680 Viderat
598 616 863 678 Inachias
906 616 1167 695 rapidum
1207 616 1540 694 glomerare
1583 618 1860 681 cohortes
2084 630 2181 687 145

191 702 461 767 Bacchus
497 705 639 772 iter;
681 702 901 780 gemuit
935 700 1165 778 Tyriam
1207 719 1529 764 conversus
1569 703 1641 764 ad
1683 704 1906 781 urbem,

190 789 595 868 Altricemque
638 787 865 849 domum
902 795 961 846 et
999 786 1220 865 patrios
1262 787 1649 850 reminiscitur
1687 789 1876 868 ignes,

189 874 552 953 Purpureum
593 872 743 934 tristi
785 869 1045 932 turbatus
1086 879 1333 950 pectore
1370 871 1623 934 vultum:

190 958 327 1021 Non
370 958 599 1034 crines,
636 973 751 1015 non
793 964 948 1016 serta
990 955 1162 1033 loco,
1206 955 1590 1036 dextramque
1631 957 1868 1036 reliquit

192 1042 487 1120 Thyrsus,
535 1051 594 1103 et
635 1040 885 1104 intactae
926 1039 1264 1104 ceciderunt
1297 1040 1571 1110 cornibus
1611 1058 1780 1104 uvae.
2080 1056 2184 1110 150

188 1126 357 1206 Ergo
399 1135 462 1188 ut
503 1135 632 1187 erat
672 1125 923 1187 lacrimis
964 1122 1251 1203 lapsoque
1290 1125 1606 1198 inhonorus
1647 1127 1856 1189 amictu

192 1213 349 1274 Ante
389 1210 589 1272 Iovem
628 1244 714 1255 --
755 1218 814 1269 et
857 1218 991 1269 tunc
1036 1208 1189 1269 forte
1232 1209 1430 1289 polum
1472 1219 1737 1274 secretus
1781 1211 2038 1278 hahebat
2058 1250 2141 1262 -—-

196 1296 501 1373 Constitit,
541 1293 693 1356 haud
734 1311 998 1373 umquam
1037 1293 1192 1354 facie
1238 1303 1595 1375 conspectus
1626 1295 1684 1356 in
1725 1296 1854 1368 illa3

191 1380 324 1443 Nec
366 1397 579 1441 causae
623 1378 849 1440 latuere
882 1386 1137 1457 patrem,
1181 1379 1556 1460 supplexque
1594 1381 1885 1460 profatur:

320 1463 710 1526 ‘Excindisne
750 1472 911 1540 tuas,
952 1462 1142 1524 divum
1177 1474 1337 1526 sator
1378 1465 1628 1544 optime,
1670 1464 1945 1532 Thebas?
2078 1479 2180 1535 155

190 1552 385 1613 Saeva
422 1548 572 1610 adeo
616 1544 872 1610 coniux?
912 1564 1023 1607 nec
1065 1554 1125 1607 te
1168 1548 1397 1610 telluris
1438 1558 1659 1610 amatae

186 1634 563 1713 Deceptique
599 1632 742 1694 laris
780 1633 1019 1694 miseret
1058 1633 1431 1711 cinerumque
1467 1632 1771 1696 meorum?

187 1718 376 1794 Esto,
415 1717 552 1779 olim
591 1717 828 1778 invitum
868 1715 1151 1778 iaculatus
1192 1716 1440 1778 nubibus
1481 1718 1673 1795 ignem

193 1800 534 1863 Credimus:
587 1820 660 1862 en
701 1803 908 1863 iterum
952 1809 1077 1861 atra
1117 1800 1310 1862 refers
1342 1802 1611 1864 incendia
1651 1806 1845 1883 terris,

189 1886 323 1949 Nec
368 1887 550 1965 Styge
589 1887 772 1948 iurata
793 1931 811 1964 ,
855 1901 970 1948 nec
1007 1885 1237 1965 pellicis
1278 1894 1404 1948 arte
1442 1894 1701 1965 rogatus.
2078 1900 2184 1956 160

195 1971 345 2047 Quis
386 1967 631 2032 modus?
680 1989 753 2032 an
794 1969 964 2032 nobis
1003 1979 1173 2049 pater
1212 1970 1507 2050 iratusque
1550 1971 1855 2053 bonusque

187 2056 436 2120 Fulmen
469 2053 699 2117 habes?
779 2055 900 2117 Sed
942 2071 1057 2116 uon
1095 2053 1357 2116 Danaeia
1395 2055 1586 2118 limina
1624 2056 1758 2117 talis

190 2139 675 2220 Parrhasiumque
715 2158 918 2204 nemus
958 2139 1341 2218 Ledaeasque
1380 2139 1492 2201 ibis
1533 2141 1829 2219 Amyclas.

190 2225 439 2290 Scilicet
480 2243 513 2286 e
554 2226 773 2287 cunctis
815 2241 932 2303 ego
967 2225 1404 2303 neglectissima
1439 2227 1588 2288 natis

187 2306 560 2390 Progenies?
601 2327 717 2389 ego
761 2327 970 2392 nempe
1009 2319 1231 2387 tamen,
1280 2310 1379 2390 qui
1421 2310 1593 2374 dulce
1632 2310 1845 2374 ferenti
2080 2319 2185 2374 165

189 2393 430 2458 Pondus
469 2411 628 2456 eram
645 2439 664 2472 ,
709 2396 800 2458 cui
837 2403 897 2458 tu
935 2395 1202 2473 dignatus
1244 2393 1440 2456 limina
1478 2396 1634 2455 vitae

187 2478 687 2559 Praereptumque
725 2479 838 2540 iter
880 2488 940 2544 et
971 2488 1267 2541 maternos
1308 2479 1561 2540 reddere
1604 2496 1855 2540 menses.

189 2562 400 2641 Adde,
443 2563 600 2643 quod
628 2562 864 2625 inbellis
903 2564 1169 2642 rarisque
1212 2563 1473 2624 exercita
1515 2564 1719 2624 castris

194 2647 391 2710 Turba
433 2666 593 2709 meas
627 2648 811 2726 acies,
852 2666 985 2709 mea
1020 2657 1236 2710 tantum
1278 2647 1507 2726 proelia
1541 2656 1767 2724 norunt,

190 2730 454 2796 Nectere
495 2732 704 2796 fronde
745 2750 942 2796 comas
981 2741 1039 2794 et
1080 2731 1153 2794 ad
1191 2731 1467 2811 inspirata
1513 2733 1694 2792 rotari
2081 2742 2184 2802 1⁵10

189 2817 392 2895 Buxa,
435 2819 635 2882 timent
677 2817 913 2894 thyrsos
955 2826 1257 2896 nuptarum
1296 2825 1358 2877 et
1400 2816 1628 2896 proelia
1667 2826 1926 2880 matrum.

191 2901 367 2966 Unde
410 2901 576 2966 tubas
617 2901 977 2981 Martemque
1017 2898 1177 2980 pati?
1221 2902 1358 2980 quin
1398 2901 1659 2964 fervidus
1694 2920 1843 2963 ecce

196 2987 427 3063 Quanta
461 2984 671 3067 parat?
709 2987 846 3066 quid
887 2987 938 3047 si
979 2985 1082 3047 ille
1126 2995 1258 3048 tuos
1306 2982 1565 3062 Curetas
1596 2986 1653 3046 in
1694 3004 1850 3050 arma

194 3071 391 3135 Ducat
433 3080 494 3132 et
534 3071 797 3133 innocuis
841 3069 1035 3131 iubeat
1069 3071 1395 3132 decernere
1434 3067 1657 3150 peltis?

198 3155 354 3231 Quin
397 3158 568 3217 etiam
608 3156 830 3217 invisos
866 3187 954 3204 --·
992 3155 1080 3217 sic
1113 3154 1304 3218 hostis
1346 3152 1571 3217 defuit?
1617 3191 1704 3204 --
1740 3156 1936 3233 Argos
2083 3163 2183 3220 175

194 3238 415 3302 Elieis!
461 3238 509 3300 Ο
555 3241 734 3321 ipsis,
775 3240 1038 3320 genitor,
1079 3241 1351 3319 graviora
1390 3240 1626 3321 periclis

194 3323 391 3387 Iussa!
435 3324 786 3388 novercales
823 3326 1044 3392 ruimus,
1077 3326 1265 3388 ditare
1304 3324 1601 3402 Mycenas.

203 3406 369 3473 Cedo
407 3410 696 3493 equidem.
782 3410 913 3489 Quo
951 3429 1124 3478 sacra
1165 3420 1357 3474 tamen
1399 3412 1658 3490 ritusque
1702 3418 2041 3491 peremptae
