2517 3909
831 118 1405 191 Tuumnosimn.
1452 142 1521 190 x.
1640 186 1646 192 .
2052 130 2175 191 225
2250 138 2254 142 ’

167 296 455 359 Fulminis
499 295 652 357 haud
692 297 861 357 eitius
894 296 1071 358 radiis
1113 295 1313 359 ¹afflatu
1354 313 1679 376 cupressus
1868 330 1891 353 a
1926 344 1933 353 ,
2134 350 2143 358 ,

170 380 479 442 Combibit
523 380 764 441 infestas
806 389 867 441 et
905 382 1098 461 stirpe
1138 391 1198 444 et
1233 383 1462 442 vertice
1488 380 1776 459 flanmS,
2040 393 2175 449 075

171 466 369 540 Quam
408 466 632 525 invenis
659 464 856 526 ‹multo
898 482 1214 544 possessus
1245 467 1477 528 ¹numine
1513 475 1720 545 pectus

162 549 387 613 Erexit
427 567 636 610 sensus
669 549 888 628 letique
925 549 1138 611 invasit
1179 568 1473 611 amorem..
1604 598 1609 607 ‚

162 634 253 696 Ut
293 651 438 695 vero
485 652 730 696 aversae
774 652 1158 713 gressumque
1194 634 1579 714 habitumque
1609 639 1850 714 notavit,
1930 684 1935 691 .

162 718 251 780 Et
291 719 542 781 subitam
582 737 617 779 a
660 720 835 779 terris
865 720 927 779 in
964 718 1160 780 nubila
1205 737 1487 780 creseere
1525 719 1743 797 Manto,
1904 770 1911 779 .
2132 758 2139 767 -

167 803 504 883 Obstupuit.
592 804 972 882 ‘Sequimur,
1016 803 1206 864 divum
1251 818 1650 883 quaecumque
1676 807 1942 884 ·voeasti·,
2068 814 2176 872 680

163 887 306 949 Nec
347 889 511 950 tarde
554 906 825 968 paremus
840 892 884 965 ,⁹
930 889 1035 956 ait;
1083 888 1447 968 iamiamque·
1469 888 1760 951 recedens

161 973 490 1035 laetantem
527 972 687 1034 vallo
732 973 956 1049 Pylium
995 982 1186 1033 tamen
1224 972 1429 1051 Agrea
1467 973 1608 1034 iix-it.
1668 1026 1675 1033 ,

167 1058 468 1135 Armigeri
511 1058 730 1119 fessum
761 1058 1092 1136 excipiunt&
1137 1066 1257 1119 tum
1297 1057 1511 1135 vulgus
1555 1067 1811 1119 euntem·

171 1143 500 1203 Auctorem
543 1143 708 1221 pacis
748 1151 1232 1220 servatoremque
1271 1141 1590 1222 deumque,

173 1225 524 1287 Conclamat
569 1226 833 1304 gaudens
871 1235 1047 1305 atque
1088 1226 1325 1304 ignibus
1358 1226 1866 1306 inplet'honestis.
2036 1237 2173 1294 4585

167 1312 414 1389 Iamque
456 1313 567 1371 iter
610 1312 686 1372 ad
724 1328 920 1372 muros
956 1329 1129 1371 cursu
1171 1310 1417 1373 festinus
1460 1311 1673 1373 anhelo
1962 1324 1965 1329 ’
2257 1309 2264 1315 '

169 1394 414 1456 obtinet
459 1404 518 1456 et
557 1397 807 1456 miseros
847 1396 1063 1473 gaudet
1104 1397 1326 1457 vitasse
1371 1406 1669 1476 parentes,
2046 1438 2051 1447 ·

170 1478 322 1541 Cum
359 1482 589 1558 genitor
614 1502 725 1548 -—·;
760 1488 1157 1559 steteruntque
1200 1480 1373 1543 arnho
1407 1491 1467 1542 et
1499 1498 1618 1542 vox
1648 1481 1838 1544 haesit
1863 1448 2170 1563 utrimque,

167 1564 580 1644 Deiectaeque
619 1582 842 1642 genae3
871 1564 1115 1625 tandem
1159 1575 1357 1643 pater
1352 1575 1501 1627 ante
1545 1566 1839 1645 profatur·

308 1648 489 1724 Quis
531 1666 719 1709 novus
759 1649 1011 1728 inceptis
1054 1651 1245 1728 rapuit
1281 1658 1342 1709 te
1381 1667 1552 1711 casus
1595 1650 1927 1714 abar-mis?
2004 1696 2027 1711 .-
2064 1661 2174 1717 690

172 1733 344 1809 Quae
379 1732 540 1795 bello
574 1733 847 1812 graviora
888 1731 1105 1814 paras?
1143 1733 1272 1811 dic,
1312 1743 1483 1809 nate,
1522 1737 1808 1813 precanti,
2146 1758 2155 1769 ·

171 1817 297 1879 Cur
339 1818 441 1879 tibi
483 1828 651 1879 torva
694 1819 892 1895 acies,
941 1835 1045 1878 cur
1085 1818 1181 1878 hic
1221 1818 1581 1879 truculentus
1616 1820 1676 1879 in
1719 1838 1845 1883 ore,

171 1903 407 1979 Pallor,
452 1913 512 1964 et
549 1903 622 1964 ad
661 1905 898 1982 patrios·
924 1919 1041 1963 non
1084 1911 1236 1964 stant
1272 1912 1376 1965 ,tua
1419 1903 1630 1965 lumina
1671 1902 1908 1967 vultus?

168 1987 406 2049 Audisti
445 2002 766 2068 responsa,
810 1988 1003 2067 palam
1045 1996 1161 2056 est;
1208 2006 1318 2067 per
1354 2004 1471 2066 ego
1518 2006 1624 2051 oro
1652 1998 1943 2069 tuosque,

174 2071 366 2148 Nate,
399 2089 683 2152 meosque
725 2090 907 2134 annos
949 2073 1323 2151 miseraeque
1358 2090 1468 2151 per
1512 2073 1692 2135 ubera
1733 2076 1950 2151 matris,
2071 2085 2175 2140 695

168 2156 266 2218 Ne
311 2159 461 2234 vati,
506 2175 579 2218 ne
616 2157 831 2234 crede,
877 2175 1046 2236 puer.
1128 2156 1418 2236 Superine
1458 2157 1762 2237 profanum

169 2241 498 2319 Diguantur
543 2242 839 2303 stimulare
881 2260 1115 2318 senem,
1161 2242 1255 2303 cui
1297 2243 1490 2305 vultus
1531 2243 1716 2305 inanis

172 2325 552 2405 Extinctique
595 2325 774 2387 orbes
819 2337 878 2389 et
912 2344 1106 2406 poena
1145 2327 1431 2390 simillima
1476 2327 1600 2389 diro
1698 2380 1705 2389 ,

171 2408 559 2490 Oedipodae?
601 2411 739 2490 quid
783 2412 833 2472 si
870 2411 1091 2473 insidiis
1136 2410 1442 2483 eth-aude
1486 2412 1696 2474 dotosa

172 2495 311 2556 Rex
355 2497 506 2573 agit,
552 2505 812 2557 extrema
854 2504 946 2556 est
989 2497 1083 2557 cui
1122 2505 1325 2557 nostra
1366 2497 1425 2557 in
1467 2506 1633 2558 sorte
1672 2500 1865 2564 timori
2075 2508 2177 2564 700

170 2578 465 2641 Nobilitas
508 2589 724 2660 tuaque
767 2589 902 2641 ante
941 2581 1127 2643 duces
1164 2582 1464 2643 notissima
1510 2580 1736 2643 virtus?
2122 2604 2131 2615 ·

169 2664 337 2727 Illius
375 2664 524 2726 haec
563 2665 764 2727 forsan
797 2683 1023 2741 remur,
1068 2681 1219 2744 quae
1255 2665 1442 2729 verba
1484 2666 1726 2729 deorum

168 2748 284 2809 Ille
327 2759 555 2819 monet;
602 2768 677 2810 ne
719 2749 885 2812 frena
924 2751 1111 2813 animo
1152 2752 1424 2830 permitte
1468 2752 1700 2828 calenti,
1820 2802 1825 2813 .

169 2831 263 2894 Da
329 2836 577 2914 spatium
618 2843 966 2915 tenuemque
1000 2852 1250 2912 moram,
1295 2835 1448 2897 male
1493 2847 1699 2899 cuncta
1736 2840 2014 2900 ministrat

168 2918 441 2996 Inpetus;
483 2919 636 2994 hoc,
677 2935 817 2995 oro,
857 2938 1059 2981 munus
1098 2919 1362 2983 concede
1399 2923 1667 2999 parenti..
2072 2928 2175 2984 ‘105

171 3004 277 3063 Sic
317 3011 416 3063 tua
445 3005 685 3065 maturis
722 3005 1021 3081 signentur
1060 3013 1327 3082 tempora
1372 3008 1567 3083 canis,

171 3086 255 3149 Et
309 3087 391 3146 sis
433 3089 561 3168 ipse
602 3107 816 3168 pareus
864 3098 924 3150 et
961 3088 1034 3151 ad
1071 3088 1257 3163 huuc,
1286 3090 1595 3168 animose,
1638 3091 1925 3152 timorem.

169 3170 519 3240 Pervenias;
563 3190 640 3234 ne
681 3192 868 3252 perge
912 3190 1079 3234 meos
1123 3171 1336 3235 orbare
1374 3185 1637 3253 penates.

173 3254 417 3316 Externi
461 3266 523 3317 te
563 3275 774 3337 nempe
809 3268 1007 3338 patres
1052 3257 1359 3336 alienaque
1399 3268 1639 3337 tangunt
1842 3296 1845 3307 ·

171 3332 465 3418 Pignora?
513 3343 563 3402 si
606 3342 795 3422 pudor
833 3352 955 3418 est,
1000 3344 1242 3421 primum
1288 3344 1575 3406 miserere
1625 3353 1868 3405 tuorum.
2082 3350 2186 3408 710

171 3423 333 3485 Haec
372 3427 598 3505 pietas,
633 3427 729 3489 hic
771 3446 946 3491 verus
987 3427 1208 3504 honos,
1252 3426 1333 3488 ibi
1370 3428 1563 3506 gloria
1605 3438 1821 3491 tantum

259 3530 531 3574 s'rATms
578 3531 648 3572 11.
1773 3513 1848 3572 15
