2517 3909
799 160 1201 211 ‘rnnsssmos
1242 163 1383 213 mn.
1426 164 1532 213 111.
1704 199 1709 206 .
2081 155 2160 216 67
2187 146 2199 158 ’

179 314 494 394 Obicibus,
535 326 814 379 resonant
853 319 1144 398 permixto
1191 319 1420 382 turbine
1464 328 1642 396 tecta,

167 401 365 479 Arva,
413 412 699 480 armenta,
745 404 888 480 viri,
936 403 1127 465 donec
1169 406 1329 465 stetit
1367 404 1649 484 inprobus
1686 405 1804 467 alto
2060 413 2162 470 675

170 483 344 546 Colle
382 487 571 547 minor
607 504 935 568 magnoque
980 490 1196 570 invenit
1237 490 1296 549 in
1332 507 1556 567 aggere
1603 490 1780 571 ripas.

163 569 330 632 Haec
365 571 589 632 alterna
634 572 840 633 ducum
875 590 994 633 nox
1029 573 1312 636 interfusa
1355 573 1601 634 diremit.

290 654 371 716 At
410 657 657 733 gemitus
699 655 882 735 Argia
920 658 1030 718 viri
1068 676 1184 718 non
1228 658 1476 738 amplias
1521 676 1714 738 aequo

166 738 373 820 Corde
409 740 608 801 ferens
651 744 991 821 sociumque
1032 744 1221 805 animo
1264 745 1538 804 miserata
1578 743 1868 819 dolorem,

161 825 328 885 Sicut
371 835 497 886 erat
536 824 760 905 pridem
803 826 1020 887 laceris
1059 827 1289 888 turbata
1327 828 1556 907 capillis
2059 837 2161 891 680

160 908 238 969 Et
281 908 420 969 fletu
463 911 688 989 signata
729 930 951 990 genas,
998 912 1069 974 ad
1115 914 1279 974 celsa
1322 913 1565 973 verendi
1630 937 1635 944 ·

157 992 289 1054 Ibat
332 1002 488 1055 tecta
534 997 751 1075 patris,
796 1015 1152 1076 parvumque
1195 996 1304 1057 sub
1347 997 1530 1058 ubere
1575 1015 1712 1059 caro

160 1078 588 1140 Thessandrum
626 1081 899 1160 portabat
941 1099 1052 1142 avo
1095 1084 1207 1143 iam
1242 1084 1419 1143 nocte
1457 1101 1728 1162 suprema

160 1162 316 1224 Ante
363 1182 549 1225 novos
591 1176 784 1243 ortus,
829 1165 926 1226 ubi
970 1167 1100 1228 sola
1145 1170 1460 1248 superstite
1505 1168 1764 1247 plaustro
2160 1214 2174 1230 2

162 1248 382 1309 Arctos
427 1250 499 1310 ad
543 1268 822 1311 oceanum
864 1251 1222 1329 fugientibus
1259 1253 1479 1313 invidet
1522 1252 1711 1312 astris.
2059 1262 2162 1315 685

287 1333 483 1414 thue
544 1336 704 1396 fores
743 1337 863 1397 iniit
903 1354 1231 1416 magnoque
1277 1337 1459 1398 affusa
1499 1338 1725 1416 parenti
1766 1346 1883 1397 est:

163 1417 325 1479 ‘Cur
370 1429 465 1479 tua
512 1439 639 1481 cum
682 1420 933 1481 lacrimis
971 1432 1199 1482 moesto
1240 1423 1367 1482 sine
1414 1423 1667 1500 coniuge
1707 1421 1960 1501 supplex

162 1504 383 1564 Limina
426 1514 600 1565 nocte
649 1514 873 1585 petam,
916 1525 1145 1568 cessem
1188 1507 1330 1568 licet
1371 1508 1500 1586 ipsa
1546 1506 1787 1586 profari,

160 1589 292 1648 Scis
339 1590 588 1666 genitor.
680 1590 801 1650 Sed
841 1592 966 1652 iura
1010 1592 1179 1652 deum
1221 1592 1498 1670 genitalia
1548 1600 1754 1667 testor,

159 1672 365 1751 Teque
405 1683 604 1753 pater,
645 1692 760 1733 11011
803 1674 902 1735 ille
946 1676 1136 1752 iubet,
1182 1677 1290 1737 sed
1336 1676 1587 1755 pervigil
1630 1693 1835 1753 angor,
2055 1686 2161 1741 690

156 1756 250 1817 Ex
294 1775 412 1836 quo
458 1760 674 1837 primus
716 1757 940 1834 Hymen
983 1762 1279 1839 movitque
1326 1760 1574 1820 infausta
1620 1760 1907 1820 sinistram

157 1841 299 1901 Iuno
343 1841 563 1921 facem,
610 1861 846 1923 semper
889 1844 1140 1905 lacrimis
1183 1846 1520 1923 gemituque
1558 1844 1886 1923 propinquo

156 1924 476 1987 Exturbata
517 1929 702 2007 quies.
791 1926 923 1988 Non
969 1930 1017 1989 si
1057 1929 1192 1990 mihi
1231 1930 1455 2007 tigridis
1494 1927 1706 1988 horror

156 2008 630 2092 Aequoreaeque
675 2031 852 2093 super
890 2014 1117 2092 rigeant
1162 2013 1511 2093 praecordia
1557 2022 1781 2089 cauteS‚

156 2094 343 2155 Ferre
391 2114 626 2175 queam:
669 2108 729 2158 tu
768 2097 931 2159 solus
970 2117 1175 2178 opem,
1219 2108 1280 2158 tu
1321 2116 1536 2160 summa
1571 2097 1838 2158 medendi
2050 2105 2155 2160 695

156 2178 285 2240 Iura
330 2190 528 2252 tenes;
572 2181 643 2242 da
687 2182 875 2261 bella,
923 2194 1123 2263 pater,
1168 2184 1492 2263 generique
1532 2184 1775 2244 iacentis

159 2263 424 2344 Adspice
454 2284 554 2326 res
583 2266 863 2345 humiles,
901 2277 1075 2348 atque
1107 2268 1289 2346 hanc,
1328 2279 1526 2349 pater,
1561 2267 1801 2347 adspice
1832 2265 2059 2345 prolem

159 2346 400 2419 Exulis;
447 2350 578 2412 huic
622 2352 759 2413 olim
804 2355 1041 2430 generis
1082 2354 1291 2433 pudor.
1383 2351 1430 2412 Ο
1474 2353 1573 2413 ubi
1619 2354 1799 2431 prima

159 2431 427 2513 Hospitia
463 2443 520 2495 et
565 2436 793 2497 iunctae
837 2445 1050 2499 testato
1096 2439 1325 2499 numine
1363 2436 1633 2498 dextrae!

287 2517 398 2579 Hic
431 2529 591 2581 certe
624 2529 734 2599 est,
772 2540 942 2601 quem
973 2523 1089 2583 fata
1117 2521 1351 2598 dabant,
1386 2539 1556 2600 quem
1587 2521 1728 2581 dixit
1748 2518 1989 2598 Apollo.
2054 2526 2157 2584 700

159 2600 288 2662 Non
338 2614 572 2682 egomet
614 2607 826 2667 tacitos
866 2606 1117 2667 Veneris
1161 2606 1349 2666 furata
1394 2604 1626 2666 calores

160 2685 540 2767 culpatamve
583 2691 806 2769 facem,
849 2700 947 2752 tua
991 2693 1146 2751 iussa
1189 2690 1447 2750 verenda
1490 2699 1741 2771 tuosque

156 2770 356 2832 Dilexi
399 2777 673 2845 monitus3
716 2794 867 2836 nunc
914 2794 1025 2855 qua
1069 2775 1301 2836 feritate
1346 2774 1598 2835 dolentis

158 2853 493 2936 Despiciam
538 2858 820 2941 questus?
861 2862 1088 2938 nescis,
1128 2869 1296 2939 pater
1340 2860 1589 2938 optime,
1627 2859 1845 2936 nesciS,

161 2937 419 3012 Quantus
465 2961 626 3005 amor
672 2963 885 3005 causae
931 2946 1145 3005 misero
1190 2945 1463 3024 nupsisse
1491 2944 1716 3004 marito.
2049 2949 2151 3006 705

158 3020 233 3083 Et
270 3044 421 3086 nunc
465 3037 689 3089 moesta
735 3029 965 3109 quidem
1008 3047 1189 3107 grave
1236 3037 1295 3088 et
1331 3027 1663 3089 inlaetabile
1706 3046 1906 3087 munus

159 3105 234 3168 Ut
273 3110 505 3172 timeam
551 3112 930 3193 doleamqne,
976 3130 1146 3192 rogo,
1212 3113 1331 3173 Sed
1363 3131 1533 3193 quum
1566 3111 1770 3173 oscula
1799 3120 2024 3191 rumpet

161 3188 384 3257 Moesta
431 3197 591 3275 dies,
640 3215 811 3277 quum
848 3216 1023 3259 rauca
1065 3197 1277 3259 dabunt
1320 3196 1660 3258 abeuntibus
1706 3198 1875 3256 armis

161 3276 338 3354 Signa
378 3281 551 3343 tubae
597 3300 895 3363 saevoque
945 3301 1128 3361 genas
1170 3282 1468 3360 fulgebitis
1508 3299 1673 3358 auro,

154 3357 261 3422 Hei
302 3365 471 3427 mihi!
543 3386 678 3428 care
724 3386 967 3449 parens,
1011 3370 1218 3429 iterum
1260 3368 1512 3428 fortasse
1551 3365 1824 3443 rogabo.’
2050 3373 2154 3429 710

284 3448 444 3513 Illius
490 3452 744 3515 humenti
785 3462 1245 3536 carpens·pater
1288 3451 1491 3514 oscula
1532 3450 1693 3595 1111ῐὲ
1705 3531 1738 3571 *
