2517 3909
880 161 1281 215 mummos
1324 165 1467 214 ms.
1511 165 1606 214 lv,
2164 155 2244 217 79

378 317 722 381 Accumulat
760 318 1007 381 crebros
1049 319 1331 383 turbatrix
1372 322 1524 384 fama
1567 337 1840 401 pavores.

246 404 359 465 Hic
409 406 521 464 iam
564 404 868 486 dispersos
913 423 1111 467 errare
1155 406 1423 488 Asopide
1465 408 1594 485 ripa
2138 412 2245 472 370

242 489 546 550 Lernaeos
588 491 846 569 equites;
891 490 987 551 hic
1029 500 1137 567 te,
1167 491 1454 553 bacchate
1492 489 1829 568 Cithaeron,

241 572 357 634 Ille
395 574 521 653 rapi
564 573 932 636 Theumeson
968 576 1076 652 ait,
1121 578 1430 656 noctisque
1467 594 1576 656 per
1618 575 1850 636 umbras

245 657 482 719 Nuntiat
524 659 788 721 excubiis
828 661 1042 738 vigiles
1080 661 1298 723 arsisse
1342 663 1630 723 Plataeas.

246 741 394 803 Nam
436 741 647 819 Tyrios
692 745 936 805 sudasse
979 745 1175 823 lares,
1219 756 1287 806 et
1326 747 1606 824 sanguiue
1643 744 1862 805 Dircen

247 826 567 906 Inriguam,
607 828 917 909 foetusque
957 846 1180 908 novos,
1221 834 1548 910 iterumque
1591 830 1843 891 locutam
2138 839 2242 896 375

248 912 510 991 Sphinga
555 916 772 993 petris,
819 916 912 974 cui
953 931 1070 974 non
1110 925 1170 975 et
1212 917 1365 977 scire
1407 916 1641 976 licentia
1684 915 1903 993 passim

245 995 325 1057 Et
364 997 586 1057 vidisse
624 995 773 1058 fuit?
852 997 1054 1060 Novus
1095 999 1186 1060 his
1230 1018 1410 1081 super
1452 1002 1619 1062 anxia
1656 998 1847 1059 turbat

251 1079 446 1142 Corda
489 1092 701 1152 metus;
736 1081 968 1164 'sparsis
1011 1084 1204 1146 subito
1250 1093 1524 1165 correpta
1564 1084 1832 1146 canistris

251 1166 548 1226 Silvestris
585 1168 789 1246 regina
835 1168 999 1229 chori
1047 1169 1305 1231 decurrit
1352 1172 1411 1230 in
1453 1186 1700 1249 aequum

243 1250 490 1311 Vertice
533 1252 606 1314 ab
650 1250 912 1332 OgygiO,
956 1254 1321 1335 trifidamque
1365 1254 1482 1315 huc
1518 1255 1699 1314 tristis
1736 1261 1805 1313 ¹et
1847 1254 1988 1315 illuc
2139 1266 2245 1320 380

245 1336 481 1396 Lumine
526 1340 845 1415 sanguineo
889 1340 1083 1418 pinum
1120 1340 1406 1417 deiectat,
1454 1348 1513 1400 et
1554 1338 1794 1399 ardens*
1962 1359 1966 1364 ·

243 1420 521 1481 Erectam
557 1423 813 1483 attonitis
855 1424 1040 1505 inplet
1083 1424 1433 1485 clamoribus
1474 1422 1705 1484 urbem:

382 1506 795 1585 ‘Omnipotens
836 1503 1051 1569 Nisaee
1095 1519 1298 1588 pater,
1347 1510 1439 1570 cui
1480 1509 1673 1586 gentis
1711 1509 1907 1569 avitae

243 1591 474 1651 Pridem
519 1590 717 1670 lapsus
760 1609 955 1670 amor,
999 1602 1060 1653 tu
1101 1611 1254 1654 nanc
1289 1594 1566 1653 horrente
1603 1591 1711 1652 sub
1746 1599 1914 1654 'arcto

244 1675 474 1736 Bellica
516 1675 738 1736 ferrato
782 1677 1018 1756 rapidus
1064 1678 1253 1756 quatis
1296 1677 1514 1738 Ismara
1550 1677 1752 1753 thyrso
2141 1688 2244 1744 385

245 1759 734 1839 Pampineumque
775 1760 943 1821 iubes
984 1780 1182 1821 nemus
1224 1761 1848 1841 inreptareLyeurgo,

244 1843 367 1903 Aut
407 1844 678 1905 tumidum
724 1843 965 1925 Gangen
1008 1856 1105 1908 aut
1142 1846 1397 1907 claustra
1433 1847 1745 1906 novissima
1787 1845 2001 1907 rubrae

249 1928 511 2005 Tethyos
544 1928 820 2009 ansque
865 1932 1069 1992 domos
1105 1931 1387 2009 flagrante
1424 1929 1712 2010 triumpho

248 2012 546 2091 Perfuris,
595 2024 690 2075 aut
731 2016 927 2077 Hermi
961 2016 1036 2077 de
1081 2016 1338 2078 fontibus
1385 2033 1594 2076 aureus
1639 2016 1787 2075 exis.

246 2098 332 2157 At
375 2107 469 2159 tua
512 2102 863 2179 progenieS,
911 2103 1118 2181 positis
1160 2101 1476 2180 gentilibus
1520 2101 1693 2161 armis
2144 2108 2249 2164 390

248 2183 418 2256 Quae
461 2183 564 2244 tibi
603 2184 756 2247 festa
798 2185 956 2264 litat,
1002 2185 1220 2247 bellum
1265 2185 1650 2264 lacrimasque
1693 2192 2027 2265 metumque

252 2265 693 2348 Cognatumque
736 2271 936 2348 nefas,
982 2273 1178 2339 iniusti
1207 2288 1445 2331 munera
1483 2270 1672 2347 regni,

249 2351 586 2422 Pendimus;
634 2357 888 2415 aeternis
930 2358 1126 2435 potius
1169 2374 1297 2431 me,
1344 2354 1609 2431 Bacche,
1654 2354 1874 2434 pruinis

251 2437 438 2498 Trans
486 2447 544 2498 et
585 2438 917 2500 Amazoniis
960 2441 1233 2501 ululatum
1279 2438 1586 2500 Caucason
1627 2440 1798 2499 armis

249 2523 407 2583 Siste
436 2523 655 2599 ferens,
694 2542 860 2603 quam
892 2534 1146 2586 monstra
1175 2525 1382 2585 ducum
1413 2525 1769 2603 stirpemque
1801 2522 2100 2602 profanam
2144 2532 2248 2587 395

248 2606 529 2686 Eloquar.
618 2608 708 2669 En
751 2628 958 2688 urges;
1006 2609 1178 2670 alium
1219 2608 1356 2685 tibi,
1400 2607 1666 2685 Bacche,
1707 2607 1964 2668 furorem

249 2691 476 2769 Iuravi,
525 2693 743 2753 similes
782 2695 959 2755 video
998 2711 1352 2755 concurrere
1394 2702 1629 2760 tauros;
1702 2734 1707 2739 ·

247 2775 414 2837 Idem
457 2777 734 2839 ambobus
782 2778 1001 2856 honos,
1046 2797 1309 2858 unusque
1351 2777 1423 2839 ab
1469 2779 1699 2857 origiue
1738 2778 2006 2856 sanguin

246 2860 450 2922 Ardua
494 2862 725 2923 collatis
767 2863 964 2923 obnixi
1005 2880 1223 2924 cornua
1255 2864 1501 2923 miscent

250 2945 597 3024 Frontibus,
643 2947 984 3027 alternaque
1020 2956 1217 3009 truces
1260 2948 1579 3008 moriuntur
1612 2947 1669 3007 in
1710 2948 1811 3008 ira.
2142 2956 2249 3009 400

251 3029 341 3091 Tu
381 3032 583 3110 peior,
628 3041 688 3092 tu
735 3032 886 3093 cede
934 3049 1185 3109 nocens,
1233 3033 1331 3111 qui
1379 3031 1541 3092 solus
1580 3032 1729 3092 avita

229 3114 517 3176 Gramina
563 3134 1038 3197 communemque
1081 3117 1234 3197 petis
1278 3115 1600 3177 defendere
1642 3126 1914 3178 montem.

247 3199 346 3260 Ah
388 3201 586 3261 miseri
626 3201 875 3263 morum!
916 3202 1151 3263 bellatis
1195 3202 1477 3279 sanguine
1521 3210 1704 3278 tant0,

246 3284 326 3345 Et
372 3284 578 3345 saltum
619 3287 734 3348 dux
778 3287 928 3347 alter
969 3286 1191 3348 habet)
1271 3288 1371 3348 Sic
1414 3285 1532 3347 fata
1575 3286 1789 3364 gelatis

245 3368 524 3430 vultibus
569 3380 629 3431 et
667 3371 902 3433 Baccho
945 3373 1054 3433 iam
1094 3371 1455 3450 demigrante
1503 3371 1739 3451 quievit.
2144 3379 2248 3433 405

380 3453 458 3516 At
500 3456 763 3540 trepidus
799 3467 1059 3521 monstro
1095 3466 1154 3520 et
1191 3458 1366 3521 variis
1399 3455 1722 3526 terroribus
1765 3455 1953 3535 inpar,
