2517 3909
393 97 511 166 162
1055 118 1117 166 P.
1163 118 1432 167 PAPINII
1476 118 1707 168 sTATn

385 277 515 338 Iura
559 275 746 337 bonus
782 276 1025 336 meliora
1064 284 1261 335 monet
1303 294 1623 355 regemque
1665 286 1959 337 cruentum

388 361 732 441 Temperat,
777 361 1051 421 assistunt
1089 358 1343 420 lacrimis
1381 369 1555 439 atque
1600 362 1734 438 igne
1777 370 2063 422 tumentes

390 445 646 522 Cocytos
687 445 1198 523 Phlegethonque,
1244 453 1305 504 et
1341 447 1487 521 Styx
1527 447 1780 525 periuria
1825 447 2015 507 divum
2310 457 2376 510 30
2468 491 2469 504 ,

387 530 613 609 Arguit.
695 530 805 591 Ille
849 539 1039 590 autem
1084 548 1299 608 supera
1344 548 1626 608 compage
1671 531 1862 592 soluta

386 615 512 676 Nec
551 616 757 676 solitus
791 617 1008 675 sentire
1044 624 1231 674 metus
1276 617 1510 694 expavit
1551 614 1757 675 oborta

387 701 626 776 Sidera,
670 699 1032 778 iucundaque
1076 698 1335 760 offensus
1371 700 1503 760 luce
1546 700 1838 800 profatur:

516 784 717 858 ‘Quae
762 802 1032 864 superum
1077 784 1240 844 labes
1278 786 1563 844 inimicum
1605 787 1827 864 inpegit
1862 781 2101 843 Averno

387 867 686 930 Aethera?
729 871 855 948 quis
901 870 1108 948 rumpit
1149 869 1425 929 tenebras
1460 872 1730 948 vitaeque
1768 869 2010 930 silentes
2309 880 2373 935 35

388 943 721 1016 Admovet?
768 952 913 1014 unde
958 953 1187 1013 minae?
1229 963 1356 1013 uter
1394 954 1542 1014 haec
1583 955 1717 1014 mihi
1757 953 1981 1033 proelia
2021 953 2308 1017 fratrum?

390 1038 788 1117 congredior,
834 1047 1077 1117 pereant
1120 1038 1368 1116 agedum
1411 1039 1737 1100 discrimina
1780 1055 1991 1098 rerum.

385 1123 531 1185 Nam
578 1125 669 1184 cui
709 1123 881 1184 dulce
923 1121 1149 1201 magis?
1190 1140 1399 1200 magno
1437 1142 1531 1184 me
1569 1125 1738 1184 tertia
1777 1125 1990 1183 victum

385 1208 617 1269 Deiecit
655 1208 882 1268 fortuna
926 1209 1103 1287 polo,
1148 1209 1532 1287 mundumque
1569 1217 1876 1269 nocentem

387 1295 610 1369 Servo,
655 1311 767 1353 nec
806 1295 917 1352 iste
960 1310 1153 1369 meus,
1199 1292 1454 1373 diri-‘sque
1500 1310 1574 1352 en
1613 1294 1850 1371 pervius
1890 1292 2065 1352 astris
2309 1304 2373 1356 40

383 1376 709 1458 Inspicitur.
803 1376 1150 1437 Tumidusne
1185 1395 1346 1437 meas
1387 1387 1664 1455 regnator
1707 1375 1937 1457 Olympi

386 1461 669 1541 Explorat
708 1459 906 1523 vires?
947 1460 1135 1522 habeo
1179 1464 1291 1521 iam
1335 1480 1544 1540 quassa
1588 1462 1887 1539 Gigantum

383 1547 661 1623 -Vincula,
709 1555 766 1606 et
812 1546 1145 1607 aethereum
1190 1548 1435 1626 cupidos
1473 1549 1637 1607 exire
1683 1545 1789 1606 suh
1832 1565 2002 1607 axem

385 1632 618 1693 Titanas
657 1633 1044 1710 miserumque
1097 1642 1336 1711 patrem.
1425 1630 1575 1704 Quid
1616 1649 1710 1691 me
1754 1632 1871 1692 otia
1912 1640 2140 1692 moesta

385 1718 610 1779 Saevus
658 1725 715 1776 et
751 1717 1095 1796 inplacidam
1150 1715 1421 1796 prohibet
1466 1717 1731 1795 perferre
1772 1719 2046 1794 quietem,
2307 1726 2367 1781 45

384 1801 787 1881 Amissumque
825 1803 1023 1862 odisse
1067 1799 1261 1861 diem?
1301 1801 1545 1880 pandam
1585 1802 1774 1861 omnia
1808 1820 2013 1879 regna,

386 1887 447 1948 Si
490 1886 716 1966 placet,
759 1895 817 1946 et
859 1886 1063 1964 Stygio
1109 1884 1823 1965 praetexam‘Hyperiona
1867 1887 2061 1946 coelo.

382 1971 614 2031 Arcada
655 1989 768 2031 nec
812 1973 1040 2050 superis
1079 2005 1165 2016 —-
1208 1970 1343 2049 quid
1385 1971 1535 2029 enim
1580 1971 1713 2030 mihi
1754 1973 1981 2036 nuntius
2020 1972 2222 2033 ambas

383 2056 551 2134 Itque
594 2056 859 2134 reditque
895 2052 1142 2115 domos?
1186 2087 1272 2102 —·
1307 2056 1556 2115 emittam
1600 2065 1658 2115 et
1704 2064 2008 2134 utrumqne
2052 2059 2267 2119 tenebo

385 2140 767 2216 Tyndariden.
857 2138 974 2200 Cur
1015 2149 1203 2200 autem
1245 2139 1428 2200 avidis
1469 2139 1668 2199 lxiona
1705 2140 1914 2216 frango
2305 2156 2366 2208 50

382 2222 761 2285 Vorticibus?
806 2241 909 2285 cur
947 2239 1066 2284 non
1117 2232 1429 2303 expectant
1469 2223 1749 2285 Tantalon
1790 2223 2021 2285 undae?
2462 2109 2467 2334 ὀ

381 2310 549 2370 Anne
591 2310 952 2388 profanatum
983 2311 1196 2369 totiens
1241 2309 1422 2368 chaos
1453 2309 1684 2388 hospite
1724 2310 1860 2369 vivo
2462 2357 2465 2364 k

383 2392 728 2473 Perpetiar?
765 2412 857 2455 me
894 2393 1132 2454 Pirithoi
1174 2395 1514 2454 temerarius
1556 2394 1733 2454 ardor
2464 2431 2465 2474 χ

384 2479 651 2557 Temptat
694 2487 753 2540 et
799 2479 1001 2540 audaci
1046 2478 1315 2539 Theseus
1349 2480 1566 2539 iuratus
1608 2481 1816 2555 amieo,
2462 2479 2465 2592 J

382 2562 477 2624 Me
518 2563 677 2624 ferus
701 2564 989 2641 -Alcides,
1034 2573 1174 2625 tunc
1211 2581 1386 2642 quum
1423 2564 1667 2623 custode
1704 2571 1928 2624 remoto
2303 2576 2360 2628 55
2462 2599 2463 2628 ι

382 2647 602 2708 Ferrea
649 2647 985 2710 Cerbereae
1031 2657 1332 2710 tacuerunt
1369 2648 1559 2708 limina
1596 2656 1822 2727 portae.

385 2732 647 2808 Odrysiis
697 2736 865 2795 etiam
906 2734 1085 2813 pudet
1124 2733 1269 2793 heu!
1313 2734 1569 2811 patuisse
1613 2732 1872 2812 querelis

384 2816 641 2878 Tartara.
722 2818 856 2878 Vidi
896 2815 1388 2894 egomet-blanda
1424 2818 1577 2877 inter
1620 2820 1870 2878 carmina
1914 2826 2122 2897 turpes

381 2901 757 2963 Eumenidum
790 2902 1055 2963 lacrimas
1091 2904 1411 2981 iterataque
1449 2920 1630 2981 pensa
1670 2919 1954 2978 sororum,

380 2984 479 3047 Me
522 3004 755 3066 quoque
797 3009 904 3056 —-;
948 2987 1051 3046 sed
1094 2986 1272 3046 durae
1314 2987 1523 3048 melior
1557 2986 1832 3047 violentia
1875 2986 2045 3064 legis.
2300 2996 2358 3050 60

381 3072 494 3132 Ast
538 3089 653 3149 ego
695 3072 795 3131 vix
836 3089 1006 3131 unum
1043 3090 1154 3132 nec
1196 3072 1356 3132 celsa
1399 3072 1472 3132 ad
1516 3073 1706 3132 sidera
1748 3071 1902 3131 furto

384 3156 577 3216 Ausus
621 3159 732 3216 iter
769 3156 967 3217 Siculo
1008 3158 1173 3236 rapui
1212 3156 1458 3216 conubia
1504 3171 1739 3235 campo;

382 3238 511 3299 Nec
553 3240 788 3301 licuisse
830 3241 1049 3309 ferunt;
1096 3242 1459 3320 iniustaeque
1496 3241 1568 3301 ab
1612 3241 1757 3301 Iove
1796 3242 1965 3318 leges

383 3323 681 3401 Protinus,
730 3334 789 3385 et
832 3333 1053 3385 sectum
1093 3327 1363 3401 genetrix
1400 3326 1534 3386 mihi
1579 3335 1873 3406 computat
1913 3342 2137 3385 annum.

386 3407 506 3468 Sed
549 3408 687 3487 quid
728 3425 842 3486 ego
885 3405 1075 3468 haec?
1153 3408 1211 3485 Ι,
1260 3405 1566 3471 Tartareas
1613 3411 1902 3472 ulciscere
1948 3409 2144 3486 sedes,
2296 3417 2354 3471 65
