2517 3909
980 170 1468 248 ACHILLEIDOS
1505 183 1567 237 L.
1604 185 1645 240 I.
2239 176 2330 244 29

282 328 467 394 Haec
514 350 759 395 seeum:
807 329 1126 407 ‘Quonam
1171 330 1441 395 timidae
1487 335 1855 395 commenta
1897 331 2190 415 parentis

284 418 510 503 Usque
553 418 770 484 feres?
817 420 1227 503 primumque
1273 419 1525 484 imbelli
1569 440 1823 484 carcere
1869 420 2101 505 perdes
2220 433 2324 486 625

281 506 549 573 Florem
596 507 843 572 animi?
888 530 1019 573 non
1066 509 1206 573 tela
1251 507 1408 573 lieet
1452 506 1778 574 Mavortia
1823 509 2075 592 dextra,

285 594 442 661 Non
486 596 780 679 trepidas
830 597 1079 682 agitare
1124 597 1343 662 feras?
1390 597 1506 661 ubi
1551 617 1817 681 campus
1865 602 1930 661 et
1978 619 2200 663 amnes

281 684 682 750 Haemonii?
732 687 1075 771 quaerisne
1121 708 1329 769 meos,
1377 684 1722 770 Sperchee‚
1766 689 2031 753 natatus

286 772 783 859 Promissasque
829 776 1092 841 eomas?
1141 797 1227 839 an
1273 775 1623 840 desertoris
1670 775 1916 840 alumni

283 860 523 927 Nullus
551 863 807 929 honos?
855 862 1246 949 Stygiasque
1274 864 1503 948 procul
1530 864 1662 929 iam
1689 868 1916 947 raptus
1946 864 2029 928 ad.
2059 865 2324 930 umbras

283 949 516 1037 Dicor,
562 956 629 1018 et
672 953 942 1018 orbatus
987 953 1249 1038 plangit
1292 975 1440 1018 mea
1482 953 1713 1018 funera
1757 951 2044 1018 Chiron?
2222 970 2323 1019 631

287 1041 388 1106 Tu
434 1062 607 1106 nune
651 1042 786 1107 tela
832 1064 1060 1126 manu,
1103 1047 1365 1108 nostros
1411 1045 1486 1106 tu
1532 1042 1760 1128 dirigis
1809 1063 1996 1107 arcus
2277 1081 2281 1085 -

285 1128 717 1214 Nutritosque
764 1132 928 1196 mihi
974 1132 1259 1215 scandis,
1304 1131 1633 1214 Patrocle,
1680 1131 1958 1217 iugales:

287 1219 417 1283 Ast
464 1239 584 1304 ego
630 1220 995 1304 pampineis
1045 1220 1403 1285 diffundere
1447 1219 1718 1285 brachia
1761 1219 2012 1303 thyrsis

284 1308 379 1373 Et
423 1311 692 1373 tenuare
739 1309 917 1374 eolus
964 1307 1193 1394 (pudet
1235 1309 1364 1374 heu
1407 1309 1757 1394 taedetque
1801 1309 1997 1374 fateri
2009 1306 2052 1395 ἔ)
2221 1324 2325 1375 635

287 1397 433 1463 Iam
480 1398 632 1463 seio,
726 1396 895 1473 Quin
942 1398 1142 1463 etiam
1188 1398 1464 1463 dilectae
1509 1398 1786 1483 virginis
1832 1399 2054 1485 ignem

285 1486 832 1571 Aequaevamque
874 1486 1084 1551 facem
1130 1492 1357 1571 eaptus
1404 1491 1756 1572 noctesque
1801 1487 2066 1573 diesque

285 1574 726 1641 Dissimulas‘?
818 1574 1112 1651 Quonam
1159 1598 1366 1661 usque
1411 1598 1666 1660 premes
1712 1577 1971 1641 urentia
2014 1579 2242 1661 peetus

282 1663 621 1730 Vulnera?
648 1666 842 1748 teque
869 1686 1117 1731 marem
1133 1661 1362 1752 (pudet
1375 1664 1502 1730 heu
1514 1663 1557 1751 1)
1570 1687 1690 1730 nee
1706 1686 1926 1730 amore
1939 1665 2252 1749 probabis
2264 1663 2326 1729 ‘?'

462 1752 572 1819 Sie
620 1753 741 1838 ait3
789 1757 856 1818 et
900 1754 1103 1820 densa
1146 1754 1359 1820 noetis
1406 1755 1671 1839 gavisus
1718 1754 1788 1819 in
1832 1755 2066 1819 umbra
2219 1770 2325 1821 640

288 1842 703 1927 Tempestiva
749 1842 896 1908 suis-
928 1846 1190 1927 torpere
1237 1842 1503 1908 silentia
1544 1842 1741 1907 furtis

288 1930 378 1996 Vi
421 1931 673 2015 potitur
717 1932 889 1997 votis
937 1935 1005 1996 et
1048 1934 1189 1997 toto
1235 1934 1501 2015 pectere
1544 1953 1735 1997 veros

287 2018 618 2085 Admovet
661 2020 1023 2104 amplexus:
1068 2020 1235 2088 vidit
1280 2020 1515 2085 chorus
1562 2021 1773 2086 omnis
1819 2020 1902 2085 ab
1952 2020 2089 2086 alto

288 2108 637 2174 Astrorum
683 2112 750 2173 et
793 2113 1055 2174 tenerae
1099 2111 1461 2175 rubuerunt
1507 2131 1748 2175 cornua
1792 2108 2033 2173 Lunae.

286 2196 417 2263 Illa
463 2198 722 2282 quidem
767 2198 1076 2268 elamore,
1099 2220 1330 2264 nemus
1378 2202 1790 2284 montemque
1837 2198 2137 2282 replevit:
2219 2214 2324 2265 645

288 2285 416 2352 Sed
461 2286 704 2354 Bacchi
752 2288 1025 2353 comites
1035 2337 1054 2370 ‚
1100 2289 1392 2353 discussa
1434 2289 1609 2353 nube
1656 2288 1941 2372 soporis,

292 2374 498 2462 Signa
543 2375 759 2440 choris
805 2377 1051 2442 indicta
1095 2379 1360 2462 putant3
1405 2376 1634 2462 fragor
1679 2378 1959 2462 undique
2003 2380 2196 2441 notus

291 2464 603 2548 Tollitur,
648 2467 715 2529 et
757 2465 1026 2548 thyrsos
1071 2466 1310 2530 iterum
1353 2466 1663 2531 vibrabat
1705 2465 2028 2548 Achilles,

288 2554 462 2620 Ante
507 2557 729 2620 tamen
772 2554 1037 2619 dubiam
1080 2555 1299 2621 verbis
1348 2556 1594 2620 solatus
1644 2554 1895 2620 amieis:

431 2787 535 2837 627
585 2782 859 2853 sagittare
893 2781 1042 2837 feras
1078 2789 1119 2835 P
1163 2784 1184 2852 11
1230 2787 1334 2838 628
1380 2799 1651 2853 queresne
1695 2789 1736 2835 P
1786 2786 1794 2854 1
1855 2783 2122 2855 Sperehie
2167 2784 2320 2841 codd.

1598 2859 1652 2896 ut
1678 2867 1751 2897 sec.
1765 2868 1902 2899 manu

291 2907 571 2977 Sperchee
606 2903 824 2979 εονῲεὶ,
860 2907 932 2975 cf.
964 2923 1013 2962 v.
1042 2909 1203 2977 10211
1231 2914 1334 2963 632
1371 2907 1492 2963 tela
1526 2909 1875 2978 gradumanu
1909 2915 1950 2961 P
1976 2910 1997 2980 11
2024 2913 2128 2964 635
2166 2908 2322 2964 colus

288 2985 335 3033 Δ
381 2978 532 3033 eolos
577 2983 696 3031 Im
732 2979 800 3046 ef.
847 2995 897 3034 υ.
937 2982 1052 3034 582
1085 2979 1111 3102 1
1142 2979 1320 3049 pudet
1363 2979 1505 3034 haee
1551 2980 1681 3049 (heu
1732 2981 1805 3035 al.
1841 2998 1912 3034 m.
1949 2981 2244 3049 superem.)
2281 2984 2322 3032 P

289 3049 451 3120 piget
485 3050 598 3103 heu
633 3067 666 3116 p
692 3051 712 3119 11
737 3056 1023 3105 636-’121
1063 3052 1084 3120 (
1112 3051 1138 3103 Ι
1166 3054 1257 3121 47)
1294 3066 1481 3105 versus
1515 3052 1581 3105 in
1615 3058 1640 3103 t
1665 3052 1878 3117 deswnt,
1905 3066 2028 3106 cum
2053 3052 2199 3106 inter
2224 3051 2321 3118 fol.

290 3125 327 3176 ¹7
344 3126 396 3175 et
411 3125 451 3175 8
467 3121 667 3188 folium
692 3122 958 3176 exciderit
982 3123 1003 3192 11
1031 3127 1133 3176 637
1157 3122 1606 3191 Aequaevaeque
1633 3122 1976 3178 Schradems
2000 3124 2021 3192 11
2050 3126 2153 3177 638
2177 3121 2322 3188 Quo-

287 3208 423 3246 nam
457 3192 580 3262 ipse
617 3198 658 3244 P
689 3194 698 3261 1
729 3192 1173 3263 presumerentia
1207 3199 1248 3245 P
1293 3192 1500 3263 premis
1526 3192 1794 3264 urgeneia
1820 3198 1941 3246 Pol)
1978 3210 2200 3263 premes
2228 3212 2323 3248 ur-

290 3262 486 3334 gentia
504 3267 548 3315 fl
574 3263 730 3318 Leid.
758 3266 780 3335 11
809 3270 910 3319 639
931 3280 1132 3333 meque
1151 3270 1222 3317 Po
1241 3282 1275 3331 p
1307 3264 1316 3337 1
1341 3264 1595 3335 probaris
1622 3270 1771 3318 Pne
1798 3281 1896 3320 sec.
1916 3282 1984 3321 m.
2013 3266 2034 3335 11
2061 3271 2166 3320 642
2204 3282 2323 3321 eor-

291 3351 428 3404 pore
452 3334 829 3390 Baehrensius
855 3337 875 3405 11
900 3341 1006 3390 643
1034 3335 1182 3391 vidit
1209 3340 1249 3388 P
1295 3336 1412 3391 risu
1439 3334 1511 3388 (32
1553 3336 1702 3391 ludit
1729 3341 1773 3389 G
1808 3334 1933 3391 risit
1958 3341 2094 3390 Pol
2129 3337 2324 3392 rubuit

291 3406 578 3462 Scriverus
609 3408 633 3476 11
671 3413 775 3462 648
812 3406 1001 3463 vibrat
1035 3413 1076 3459 P
1129 3406 1379 3464 vibravit
1415 3407 1566 3475 ΘΗΗ
1601 3412 1705 3462 649
1759 3406 1971 3462 solatus
2007 3413 2048 3459 P
2103 3409 2322 3463 solatur

290 3478 453 3533 ceteri
