2517 3909
388 115 505 178 158
1048 128 1112 176 1³.
1154 128 1422 178 mmm
1467 127 1704 178 sum

378 285 517 363 lpse
554 284 704 351 suis;
747 284 939 345 iaculo
977 283 1294 362 Phlegyam
1333 284 1648 365 iaculoque
1687 285 2007 365 superbam

376 369 633 445 Phylea,
678 367 894 430 falcato
934 367 1207 430 Chromin
1246 377 1309 429 et
1345 366 1731 431 Cremetaona
1771 389 1945 432 curru

382 451 655 514 Cominus
698 453 848 514 hunc
892 463 1136 514 stantem
1177 454 1372 530 metit,
1418 455 1570 516 hunc
1611 474 1645 516 a
1681 456 1907 536 poplite
1951 465 2200 532 sectum,

381 535 636 616 Cuspide
677 536 927 600 demissa
970 535 1243 599 Chromin
1273 538 1691 619 Iphinoumque
1727 542 2041 619 Sagenque

377 622 787 702 Intonsumque
829 620 991 699 Gyan
1037 641 1383 703 sacrumque
1424 622 1688 700 Lycorea
1729 624 1968 690 Phoebo
2275 635 2370 691 ⁷15
2458 697 2459 706 χ

378 707 626 776 Invitus;
666 708 774 767 iam
815 707 1134 770 fraxineum
1176 708 1471 769 dimiserat
1508 709 1711 769 hastae
2458 715 2459 718 ’

379 791 612 868 Robur,
661 801 719 852 et
761 793 1025 852 excussis
1070 794 1338 871 apparuit
1377 793 1557 853 infula
1599 794 1821 860 cristis;

376 876 723 937 Alcathoum
766 894 945 953 saxo,
987 878 1079 937 cui
1122 878 1340 938 circum
1383 887 1583 955 stagna
1628 876 1858 953 Carysti

379 960 455 1021 Et
490 961 693 1021 domus
736 970 794 1021 et
839 963 1049 1021 coniux
1090 970 1149 1022 et
1189 970 1445 1023 amantes
1492 963 1664 1024 litora
1698 962 1835 1023 nati.

378 1046 623 1106 Vixerat
663 1045 764 1106 ille
806 1046 901 1106 diu
946 1063 1171 1125 pauper
1210 1055 1502 1108 scrutator
1546 1065 1840 1125 aquarum,
2279 1055 2370 1109 720

381 1130 632 1209 Decepit
672 1130 881 1206 tellus,
926 1133 1180 1191 moriens
1222 1129 1563 1210 hiemesque
1598 1129 1902 1209 Notosque

378 1214 596 1275 Laudat
643 1223 703 1275 et
744 1216 972 1293 experti
1014 1214 1255 1276 meliora
1299 1215 1561 1295 pericula
1607 1216 1790 1295 ponti.

504 1297 773 1377 Adspicit
813 1301 920 1361 has
965 1300 1143 1377 longe
1179 1299 1503 1361 iamdudum
1537 1299 1796 1380 Asopius
1837 1297 2113 1378 Hypseus

378 1384 671 1445 Palantum
708 1391 935 1461 strages
978 1385 1260 1464 ardetque
1303 1393 1573 1445 avertere
1617 1402 1886 1463 pugnam,

381 1467 736 1547 Quamquam
777 1467 928 1529 haud
966 1470 1096 1548 ipse
1140 1470 1325 1529 minus
1372 1487 1543 1529 curru
1586 1468 1881 1546 Tirynthia
1923 1467 2107 1529 fundit
2277 1479 2367 1534 ‘125

378 1552 650 1628 Robora,
697 1553 804 1613 sed
840 1554 969 1613 viso
1009 1570 1292 1633 praesens
1337 1554 1524 1614 minor
1567 1572 1787 1631 augure
1832 1553 2088 1629 sanguis.

378 1637 544 1697 Illum
586 1639 759 1697 armis
802 1638 1117 1717 animisque
1162 1639 1351 1716 cupit,
1396 1638 1746 1716 prohibebat
1787 1638 1981 1717 iniquo

379 1721 626 1799 Agmine
670 1731 1001 1782 consertum
1048 1723 1218 1783 cunei
1262 1722 1440 1792 latus;
1482 1723 1614 1783 inde
1653 1721 1940 1802 superbus

377 1805 620 1866 Exeruit
657 1807 854 1885 patriis
894 1807 1142 1867 electum
1185 1806 1405 1867 missile
1448 1808 1611 1886 ripis.

376 1891 468 1951 Ac
512 1892 697 1969 prius:
739 1890 1060 1952 ‘Aonidum
1109 1891 1274 1952 dives
1317 1891 1556 1969 largitor
1598 1908 1894 1970 aquarum,
2269 1900 2360 1957 730

384 1973 557 2035 Clare
603 1975 898 2053 Giganteis
943 1978 1282 2053 etiamnum,
1319 1975 1560 2054 Asope‚
1599 1976 1839 2052 favillis,

375 2059 467 2120 Da
508 2078 716 2120 numen
758 2061 1031 2122 dextrae:
1078 2071 1248 2138 rogat
1290 2060 1407 2121 hoc
1445 2070 1729 2140 natusque
1772 2061 1971 2139 tuique

379 2143 644 2219 Quercus
688 2144 911 2205 alumna
954 2145 1120 2213 vadi;
1166 2145 1257 2207 fas
1303 2154 1362 2206 et
1402 2164 1496 2206 me
1538 2163 1822 2225 spernere
1859 2144 2181 2222 Phoebum,
2452 2093 2457 2314 A

378 2231 440 2288 Si
484 2229 587 2289 tibi
631 2228 876 2290 collatus
923 2228 1110 2290 divum
1155 2239 1342 2299 sator:
1388 2231 1577 2290 omnia
1619 2248 1875 2308 mergam

377 2311 655 2374 Fontibus
696 2332 851 2374 arma
889 2315 1004 2374 tuis
1045 2315 1362 2393 tristesque
1402 2315 1527 2375 sine
1574 2334 1794 2393 augure
1832 2316 2052 2378 vittas:
2266 2323 2353 2379 735

502 2397 782 2459 Audierat
814 2400 1061 2476 genitor.
1141 2398 1318 2460 Vetat
1359 2399 1665 2477 indulgere
1706 2399 2000 2460 volentem

376 2482 681 2560 PhoebuS‚
729 2492 787 2544 et
827 2485 1081 2562 aurigam
1122 2483 1369 2545 iaculum
1413 2484 1724 2564 detorquet
1766 2486 1823 2544 in
1865 2482 2114 2545 Hersen.

375 2567 484 2627 Ille
526 2568 657 2627 ruit.
740 2567 901 2628 Deus
947 2570 1077 2648 ipse
1119 2569 1286 2646 vagis
1330 2568 1594 2629 succedit
1632 2568 1901 2644 habenis,

375 2650 695 2711 Lernaeum
734 2652 886 2713 falso
929 2654 1201 2714 simulans
1243 2652 1623 2730 Haliagmona
1664 2653 1845 2715 vultu.

378 2735 539 2797 Tunc
582 2754 727 2797 vero
774 2737 994 2798 ardenti
1036 2754 1152 2797 non
1193 2738 1315 2799 ulla
1359 2737 1649 2798 obsistere
1692 2745 1973 2816 temptant
2267 2745 2353 2800 740

376 2822 587 2898 Signa,
632 2830 802 2881 ruunt
836 2823 967 2882 solo
1013 2830 1274 2898 terrore,
1320 2831 1382 2882 et
1420 2821 1659 2883 vulnera
1700 2824 1843 2883 citra

374 2904 533 2966 Mors
578 2905 821 2985 trepidis
863 2908 1072 2983 ignava
1110 2908 1302 2984 venit,
1349 2906 1697 2985 dubiumque
1739 2910 1919 2968 tuenti

372 2990 661 3051 Presserit
698 2991 960 3050 insessos
1003 3006 1179 3067 onus,
1227 2991 1575 3069 inpuleritne
1623 2991 1868 3069 iugales.

374 3076 473 3136 Sic
517 3075 612 3134 ubi
661 3072 983 3134 nubiferum
1024 3076 1233 3135 montis
1274 3075 1425 3136 latus
1467 3084 1563 3137 aut
1604 3093 1755 3137 nova
1791 3079 1981 3137 ventis

374 3159 563 3220 Solvit
600 3159 817 3234 hiems,
860 3168 957 3220 aut
995 3160 1147 3219 victa
1193 3161 1305 3220 situ
1350 3177 1465 3221 non
1502 3161 1740 3239 pertulit
1780 3170 1972 3228 aetas;
2256 3168 2342 3225 745

374 3242 587 3302 Desilit
631 3242 955 3303 horrendus
990 3260 1195 3322 campo
1231 3245 1435 3322 timor,
1481 3263 1619 3306 arva
1660 3247 1938 3325 virosque
2449 3191 2451 3322 A

374 3324 574 3385 Limite
610 3343 725 3385 non
767 3343 882 3385 uno
925 3327 1329 3406 longaevaque
1371 3329 1588 3391 robora
1628 3348 1830 3390 secum
2448 3379 2449 3400 1

373 3406 802 3488 Praecipitans‚
847 3410 1190 3489 tandemque
1236 3412 1550 3475 exhaustus
1592 3413 1821 3475 turbine
1861 3413 2028 3474 fesso
