2517 3909
171 145 255 211 72
901 146 970 211 P.
1007 143 1286 199 PAPINII
1325 142 1564 199 STATII

172 290 493 358 Prouocat
538 295 605 356 et
650 290 864 377 dignis
908 290 1148 368 inuitat
1190 288 1462 364 Pallada
1505 289 1784 374 templis,

168 380 308 445 Iam
354 379 642 464 placidae
691 379 853 443 dant
898 379 1086 464 signa
1129 378 1345 463 tubae,
1388 378 1522 444 iam
1565 378 1850 444 fortibus
1899 378 2132 443 ardens
2295 436 2307 448 .

169 469 405 535 Fumat
448 469 695 534 harena
741 467 957 533 sacris,
1028 467 1150 544 hos
1195 488 1319 534 nec
1360 465 1627 533 Pisaeus
1671 467 1953 536 honores
2207 481 2309 532 140

164 558 458 643 Iuppiter
502 560 619 622 aut
663 555 950 640 Cyrrhae
994 560 1183 641 pater
1226 560 1607 640 aspernetur
1652 577 1909 641 opacae.
2022 625 2027 632 ,

168 645 282 712 Nil
325 646 431 712 his
477 647 663 712 triste
708 646 896 731 locisz,
944 645 1131 711 cedat
1174 645 1595 711 lacrimabilis
1616 644 1946 731 ¹Istlunos,

170 735 374 801 Cedat
420 739 607 801 atrox
652 732 921 800 Nemee:
965 735 1116 799 litat
1159 733 1268 800 hic
1310 734 1565 802 felicior
1608 734 1847 806 infans.

164 824 353 909 Ipsae
397 824 711 908 pumiceis
756 823 996 889 uirides
1038 820 1353 890 Nereides
1400 824 1605 888 antris
2242 883 2247 890 .

163 913 460 979 Exiliunt
503 913 688 993 ultro,
722 912 1131 998 scopulisque
1177 912 1548 986 umentibus
1593 912 1889 998 haerent3
2203 924 2309 976 146

167 1001 304 1068 Nec
349 1002 551 1087 pudet
595 1001 842 1067 occulte
886 1001 1095 1067 nudas
1144 1005 1437 1086 spectare
1482 1002 1861 1086 palaestras.

167 1091 431 1175 Spectat
475 1094 542 1155 et
584 1090 793 1156 Icario
838 1112 1219 1157 nemorosus
1264 1091 1533 1175 palmite
1572 1089 1834 1164 Gaurus

165 1179 490 1265 Siluaque,
537 1201 701 1265 quae
746 1179 945 1244 fixam
987 1179 1222 1265 pelago
1270 1178 1512 1245 Nesida
1556 1183 1917 1282 coronat,

163 1267 254 1334 Et
296 1268 588 1354 placidus
633 1267 873 1333 Limon
910 1289 1227 1353 omenque
1273 1266 1570 1353 Euploea
1613 1268 1852 1336 carinis

165 1358 255 1423 Et
297 1357 578 1423 Lucrina
622 1354 876 1442 Uenus,
918 1356 1370 1443 Phrygiasque
1414 1380 1450 1423 e
1497 1359 1739 1424 uertice
1785 1355 1980 1426 Graio
2206 1370 2314 1424 150

164 1446 526 1530 Admisces,
569 1444 836 1527 Misene‚
882 1446 1095 1531 tubas,
1140 1446 1434 1532 ridetque
1478 1447 1768 1549 benigna

169 1535 579 1619 Parthenope
625 1535 864 1619 gentile
913 1557 1167 1612 sacrum
1210 1536 1547 1622 nudosque
1591 1536 1881 1608 uirorum

165 1623 463 1689 Certatus
510 1626 578 1687 et
618 1645 826 1707 parua
871 1645 1025 1689 suae
1072 1624 1418 1690 simulacra
1462 1643 1756 1694 coronae.

167 1712 338 1789 Quin
386 1733 507 1798 age
553 1716 620 1777 et
661 1713 803 1797 ipse
848 1711 1058 1778 libens
1103 1713 1356 1798 proprii
1400 1714 1777 1779 certaminis
1822 1715 2006 1778 actus

165 1801 425 1866 Inuicta
470 1801 739 1887 dignare
786 1823 1013 1885 manu3
1060 1823 1176 1874 seu
1218 1802 1449 1869 nubila
1494 1802 1670 1869 disco
2006 1863 2011 1866 .
2203 1816 2310 1876 166

164 1889 440 1967 Findere
488 1912 601 1955 seu
646 1891 941 1956 uolucres
986 1889 1322 1976 Zephyros
1368 1892 1747 1976 praecedere
1792 1891 1925 1962 telo

139 1979 294 2068 ,Seu
338 1979 461 2044 tibi
507 1979 693 2044 dulce
737 2001 939 2045 manu
963 1979 1265 2066 liquidas
1308 1980 1553 2046 nodare
1599 1981 1989 2066 palaestras,

161 2066 436 2154 Indulge
483 2069 685 2134 sacris
732 2072 814 2154 et,
861 2069 917 2134 si
962 2069 1087 2134 tibi
1131 2091 1330 2153 poma
1377 2075 1730 2154 supersunt

163 2156 615 2242 Hesperidum,
661 2157 910 2243 gremio
958 2158 1350 2224 uenerabilis
1394 2158 1621 2243 ingere
1664 2157 1918 2241 Pollae3

165 2244 338 2311 Nam
384 2246 561 2331 capit
607 2249 672 2311 et
715 2250 976 2312 tantum
1019 2268 1154 2312 non
1200 2246 1623 2333 degenerabit
1666 2247 1999 2313 honorem.
2206 2262 2329 2313 160·

164 2334 349 2413 Quod
396 2336 452 2400 si
499 2335 684 2400 dulce
731 2334 922 2401 decus
967 2335 1336 2421 uiridesque
1380 2340 1737 2402 resumeret
1781 2358 2009 2420 annos,

165 2423 269 2490 Da
312 2424 594 2508 ueniam,
639 2423 886 2509 Alcide,
929 2423 1066 2490 fors
1112 2424 1265 2490 huic
1311 2427 1377 2490 et
1420 2447 1623 2510 pensa
1666 2426 1947 2491 tulisses.

164 2513 346 2578 Haec
394 2533 515 2599 ego
562 2516 909 2578 nascentes
950 2513 1162 2579 laetus
1209 2514 1565 2582 bacchatus
1615 2514 1697 2580 ad
1744 2536 1890 2580 aras

165 2601 552 2668 Libamenta
595 2601 738 2668 tuli.
807 2623 980 2667 nunc
1025 2602 1240 2687 ipsum
1288 2603 1356 2669 in
1401 2603 1625 2670 limine
1672 2624 1866 2669 cerno

320 2854 424 2905 139
471 2849 586 2905 iam
624 2846 938 2903 insontibus
978 2846 1257 2918 Markl.1l
1305 2854 1406 2906 143
1444 2864 1669 2904 nemees
1707 2854 1742 2901 ο
1778 2866 1813 2901 a
1854 2850 1877 2920 fl
1924 2855 2026 2904 144
2060 2849 2316 2919 puniceis

161 2920 239 2973 Δ*
268 2926 320 2988 o,
357 2936 495 2976 corr.
543 2925 581 2975 ς
608 2920 629 2988 ΙΙ
659 2924 759 2975 145
789 2918 1088 2990 scopulisq‚
1125 2920 1338 2975 ument.
1374 2921 1602 2989 empsit
1639 2920 1886 2990 scopulis
1922 2921 2173 2977 hument.
2203 2925 2249 2974 Δ
2276 2927 2315 2974 ο

160 2994 219 3046 et
254 3008 387 3061 scop
388 2991 497 3047 ulis
544 2992 797 3046 hument.
835 2992 953 3046 edd.
992 2990 1299 3046 inuentibus
1332 2991 1698 3060 Gronouiusn
1739 2996 1843 3045 148
1881 3008 2027 3061 quae
2065 2992 2312 3049 cinctam

165 3010 387 3119 Marklp
401 3064 421 3132 n
449 3068 557 3117 149
599 3061 798 3118 Limon
836 3078 1108 3133 omenque
1147 3062 1408 3118 Guietuc:
1452 3062 1590 3118 limo
1625 3079 1944 3132 numenque
1982 3069 2017 3116 σ
2044 3080 2079 3115 a
2113 3062 2315 3120 Limon

162 3133 790 3276 ssffifficfflwl.
798 3133 1204 3260 1511ὲῖξᾷΨὲ
1208 3133 1829 3274 {mxima
1858 3139 2017 3276 5⁶33,
2017 3134 2316 3262 ,22ἲὲΐὲὲὲ

160 3281 194 3325 c
232 3292 290 3328 a.
327 3277 683 3346 praeuertere
717 3276 886 3346 wulyo
912 3279 932 3345 Π
961 3280 1061 3331 157
1103 3275 1148 3330 11
1188 3275 1353 3331 uidae
1391 3277 1633 3334 Mae-kl..-
1676 3277 1797 3346 liby
1799 3292 1894 3332 cas
1927 3282 1962 3329 ο
1995 3294 2030 3329 a
2059 3279 2070 3346 1
2099 3276 2313 3333 nodare

166 3351 278 3400 Ao.
321 3347 535 3402 nudare
559 3351 595 3402 ς
622 3349 643 3418 ΙΙ
671 3353 774 3402 160
802 3348 873 3402 de
914 3363 1046 3403 ener
1072 3363 1164 3402 am
1204 3345 1253 3402 it
1281 3347 1602 3403 Gronouius
1636 3347 1656 3420 Η
1699 3354 1799 3403 162
1829 3347 1962 3402 hinc
1981 3353 2084 3415 oa,
2112 3347 2317 3403 hicnel

169 3417 302 3472 huic
340 3421 376 3472 ς
404 3418 424 3487 n
452 3424 554 3474 163
594 3418 808 3475 laetum
901 3419 1116 3473 arthius
1150 3418 1172 3488 ΙΙ
1211 3423 1314 3472 164
1350 3418 1535 3490 ipsum
1568 3419 1762 3475 Doms
1805 3418 1931 3489 ipse
1960 3422 2010 3471 Δ
2047 3423 2082 3471 0
2118 3417 2242 3488 ipso
2272 3422 2311 3474 ς
