<?xml version="1.0" encoding="UTF-8"?>
<!DOCTYPE html PUBLIC "-//W3C//DTD XHTML 1.0 Transitional//EN"
    "http://www.w3.org/TR/xhtml1/DTD/xhtml1-transitional.dtd">
<html xmlns="http://www.w3.org/1999/xhtml" xml:lang="en" lang="en">
 <head>
  <title>
</title>
<meta http-equiv="Content-Type" content="text/html;charset=utf-8" />
  <meta name='ocr-system' content='tesseract 3.04.00' />
  <meta name='ocr-capabilities' content='ocr_page ocr_carea ocr_par ocr_line ocrx_word'/>
</head>
<body>
  <div class='ocr_page' id='page_1' title='image "./ppapiniusstatiu00placgoog_0396.png"; bbox 0 0 2517 3909; ppageno 0'>
   <div class='ocr_carea' id='block_1_1' title="bbox 320 86 1640 147">
    <p class='ocr_par' dir='ltr' id='par_1_1' title="bbox 320 86 1640 147">
     <span class='ocr_line' id='line_1_1' title="bbox 320 86 1640 147; baseline -0.002 0"><span class='ocrx_word' id='word_1_1' title='bbox 320 86 438 147; x_wconf 85' lang='lat'><strong>104</strong></span> <span class='ocrx_word' id='word_1_2' title='bbox 988 96 1052 144; x_wconf 79' lang='lat' dir='ltr'><strong>P.</strong></span> <span class='ocrx_word' id='word_1_3' title='bbox 1096 93 1364 144; x_wconf 75' lang='lat' dir='ltr'><strong>PAan</strong></span> <span class='ocrx_word' id='word_1_4' title='bbox 1406 86 1640 145; x_wconf 71' lang='lat' dir='ltr'><strong>snm</strong></span> 
     </span>
    </p>
   </div>
   <div class='ocr_carea' id='block_1_2' title="bbox 301 248 2146 3461">
    <p class='ocr_par' dir='ltr' id='par_1_2' title="bbox 301 248 2146 3461">
     <span class='ocr_line' id='line_1_2' title="bbox 315 248 1931 333; baseline -0.002 -18"><span class='ocrx_word' id='word_1_5' title='bbox 315 253 681 315; x_wconf 83' lang='lat' dir='ltr'><strong>Lemniadum</strong></span> <span class='ocrx_word' id='word_1_6' title='bbox 715 257 1068 333; x_wconf 78' lang='lat' dir='ltr'><strong>pertemptat</strong></span> <span class='ocrx_word' id='word_1_7' title='bbox 1107 259 1292 313; x_wconf 77' lang='lat' dir='ltr'><strong>amor.</strong></span> <span class='ocrx_word' id='word_1_8' title='bbox 1378 250 1540 312; x_wconf 78' lang='lat' dir='ltr'><strong>Tunc</strong></span> <span class='ocrx_word' id='word_1_9' title='bbox 1580 248 1747 329; x_wconf 73' lang='lat' dir='ltr'><strong>rogia</strong></span> <span class='ocrx_word' id='word_1_10' title='bbox 1785 248 1931 314; x_wconf 72' lang='lat' dir='ltr'><strong>Iuno</strong></span> 
     </span>
     <span class='ocr_line' id='line_1_3' title="bbox 313 336 2063 417; baseline -0.002 -17"><span class='ocrx_word' id='word_1_11' title='bbox 313 339 493 400; x_wconf 87' lang='lat' dir='ltr'><strong>Arma</strong></span> <span class='ocrx_word' id='word_1_12' title='bbox 529 336 873 416; x_wconf 86' lang='lat' dir='ltr'><strong>habitusque</strong></span> <span class='ocrx_word' id='word_1_13' title='bbox 911 338 1095 397; x_wconf 83' lang='lat' dir='ltr'><strong>virum</strong></span> <span class='ocrx_word' id='word_1_14' title='bbox 1137 336 1539 417; x_wconf 66' lang='lat' dir='ltr'><strong>pulchraeque</strong></span> <span class='ocrx_word' id='word_1_15' title='bbox 1581 336 1827 414; x_wconf 69' lang='lat' dir='ltr'><strong>insignia</strong></span> <span class='ocrx_word' id='word_1_16' title='bbox 1866 338 2063 414; x_wconf 66' lang='lat' dir='ltr'><strong>gentis</strong></span> 
     </span>
     <span class='ocr_line' id='line_1_4' title="bbox 313 420 1902 501; baseline -0.002 -16"><span class='ocrx_word' id='word_1_17' title='bbox 313 422 603 485; x_wconf 80' lang='lat' dir='ltr'><strong>Mentibus</strong></span> <span class='ocrx_word' id='word_1_18' title='bbox 647 423 925 500; x_wconf 76' lang='lat' dir='ltr'>insinuat,</span> <span class='ocrx_word' id='word_1_19' title='bbox 974 424 1355 501; x_wconf 75' lang='lat' dir='ltr'><strong>certatimque</strong></span> <span class='ocrx_word' id='word_1_20' title='bbox 1398 420 1606 482; x_wconf 84' lang='lat' dir='ltr'><strong>ordine</strong></span> <span class='ocrx_word' id='word_1_21' title='bbox 1657 428 1902 482; x_wconf 84' lang='lat' dir='ltr'><strong>cunctae</strong></span> 
     </span>
     <span class='ocr_line' id='line_1_5' title="bbox 315 504 1881 587; baseline -0.001 -19"><span class='ocrx_word' id='word_1_22' title='bbox 315 504 653 587; x_wconf 90' lang='lat' dir='ltr'><strong>Hospitibus</strong></span> <span class='ocrx_word' id='word_1_23' title='bbox 699 515 942 586; x_wconf 88' lang='lat' dir='ltr'><strong>patuere</strong></span> <span class='ocrx_word' id='word_1_24' title='bbox 986 505 1180 576; x_wconf 72' lang='lat' dir='ltr'><strong>fores2</strong></span> <span class='ocrx_word' id='word_1_25' title='bbox 1229 515 1367 568; x_wconf 85' lang='lat' dir='ltr'><strong>tunc</strong></span> <span class='ocrx_word' id='word_1_26' title='bbox 1411 507 1631 585; x_wconf 82' lang='lat' dir='ltr'><strong>primus</strong></span> <span class='ocrx_word' id='word_1_27' title='bbox 1662 506 1723 566; x_wconf 86' lang='lat' dir='ltr'><strong>in</strong></span> <span class='ocrx_word' id='word_1_28' title='bbox 1765 507 1881 567; x_wconf 84' lang='lat' dir='ltr'><strong>aris</strong></span> 
     </span>
     <span class='ocr_line' id='line_1_6' title="bbox 314 590 1636 670; baseline -0.001 -19"><span class='ocrx_word' id='word_1_29' title='bbox 314 592 508 670; x_wconf 83' lang='lat' dir='ltr'><strong>Ignis,</strong></span> <span class='ocrx_word' id='word_1_30' title='bbox 549 602 608 653; x_wconf 89' lang='lat' dir='ltr'><strong>et</strong></span> <span class='ocrx_word' id='word_1_31' title='bbox 649 590 898 653; x_wconf 76' lang='lat' dir='ltr'><strong>infandis</strong></span> <span class='ocrx_word' id='word_1_32' title='bbox 938 609 1157 652; x_wconf 83' lang='lat' dir='ltr'><strong>venere</strong></span> <span class='ocrx_word' id='word_1_33' title='bbox 1196 590 1415 652; x_wconf 78' lang='lat' dir='ltr'><strong>oblivia</strong></span> <span class='ocrx_word' id='word_1_34' title='bbox 1450 591 1636 660; x_wconf 80' lang='lat' dir='ltr'><strong>curis3</strong></span> 
     </span>
     <span class='ocr_line' id='line_1_7' title="bbox 316 675 1943 758; baseline -0.001 -21"><span class='ocrx_word' id='word_1_35' title='bbox 316 676 479 737; x_wconf 87' lang='lat' dir='ltr'><strong>Tunc</strong></span> <span class='ocrx_word' id='word_1_36' title='bbox 523 676 737 758; x_wconf 78' lang='lat' dir='ltr'><strong>epulae</strong></span> <span class='ocrx_word' id='word_1_37' title='bbox 779 675 1039 756; x_wconf 78' lang='lat' dir='ltr'><strong>felixque</strong></span> <span class='ocrx_word' id='word_1_38' title='bbox 1082 693 1267 756; x_wconf 87' lang='lat' dir='ltr'><strong>sopor</strong></span> <span class='ocrx_word' id='word_1_39' title='bbox 1306 683 1633 754; x_wconf 82' lang='lat' dir='ltr'><strong>noctesque</strong></span> <span class='ocrx_word' id='word_1_40' title='bbox 1677 675 1943 755; x_wconf 76' lang='lat' dir='ltr'><strong>quietae,</strong></span> 
     </span>
     <span class='ocr_line' id='line_1_8' title="bbox 313 759 2057 841; baseline 0 -20"><span class='ocrx_word' id='word_1_41' title='bbox 313 760 443 822; x_wconf 90' lang='lat' dir='ltr'><strong>Nec</strong></span> <span class='ocrx_word' id='word_1_42' title='bbox 483 779 757 841; x_wconf 86' lang='lat' dir='ltr'><strong>superum</strong></span> <span class='ocrx_word' id='word_1_43' title='bbox 795 761 925 821; x_wconf 87' lang='lat' dir='ltr'><strong>sine</strong></span> <span class='ocrx_word' id='word_1_44' title='bbox 966 770 1196 837; x_wconf 81' lang='lat' dir='ltr'><strong>mente,</strong></span> <span class='ocrx_word' id='word_1_45' title='bbox 1239 777 1412 838; x_wconf 87' lang='lat' dir='ltr'><strong>reor,</strong></span> <span class='ocrx_word' id='word_1_46' title='bbox 1461 759 1741 839; x_wconf 79' lang='lat' dir='ltr'><strong>placuere</strong></span> <span class='ocrx_word' id='word_1_47' title='bbox 1783 760 2057 822; x_wconf 79' lang='lat' dir='ltr'><strong>fatentes.</strong></span> 
     </span>
     <span class='ocr_line' id='line_1_9' title="bbox 443 843 1987 925; baseline -0.001 -18"><span class='ocrx_word' id='word_1_48' title='bbox 443 844 750 908; x_wconf 74' lang='lat' dir='ltr'><strong>‘Forsitan</strong></span> <span class='ocrx_word' id='word_1_49' title='bbox 789 854 850 906; x_wconf 89' lang='lat' dir='ltr'><strong>et</strong></span> <span class='ocrx_word' id='word_1_50' title='bbox 885 855 1122 907; x_wconf 88' lang='lat' dir='ltr'><strong>nostrae</strong></span> <span class='ocrx_word' id='word_1_51' title='bbox 1166 845 1345 906; x_wconf 86' lang='lat' dir='ltr'><strong>fatum</strong></span> <span class='ocrx_word' id='word_1_52' title='bbox 1390 843 1729 906; x_wconf 75' lang='lat' dir='ltr'><strong>excusabile</strong></span> <span class='ocrx_word' id='word_1_53' title='bbox 1775 844 1987 925; x_wconf 68' lang='lat' dir='ltr'><strong>cnlpae</strong></span> 
     </span>
     <span class='ocr_line' id='line_1_10' title="bbox 312 929 1974 1010; baseline 0 -20"><span class='ocrx_word' id='word_1_54' title='bbox 312 929 581 992; x_wconf 88' lang='lat' dir='ltr'><strong>Noscere</strong></span> <span class='ocrx_word' id='word_1_55' title='bbox 627 949 800 1007; x_wconf 84' lang='lat' dir='ltr'><strong>cura,</strong></span> <span class='ocrx_word' id='word_1_56' title='bbox 843 930 1053 1001; x_wconf 81' lang='lat' dir='ltr'><strong>duces3</strong></span> <span class='ocrx_word' id='word_1_57' title='bbox 1089 930 1334 1000; x_wconf 74' lang='lat' dir='ltr'><strong>,cineres</strong></span> <span class='ocrx_word' id='word_1_58' title='bbox 1378 930 1678 1010; x_wconf 83' lang='lat' dir='ltr'><strong>furiasque</strong></span> <span class='ocrx_word' id='word_1_59' title='bbox 1713 946 1974 990; x_wconf 83' lang='lat' dir='ltr'><strong>meorum</strong></span> 
     </span>
     <span class='ocr_line' id='line_1_11' title="bbox 315 1014 2070 1095; baseline -0.001 -19"><span class='ocrx_word' id='word_1_60' title='bbox 315 1014 569 1092; x_wconf 82' lang='lat' dir='ltr'><strong>Testor,</strong></span> <span class='ocrx_word' id='word_1_61' title='bbox 614 1025 678 1077; x_wconf 86' lang='lat' dir='ltr'><strong>ut</strong></span> <span class='ocrx_word' id='word_1_62' title='bbox 720 1024 994 1077; x_wconf 79' lang='lat' dir='ltr'><strong>externas</strong></span> <span class='ocrx_word' id='word_1_63' title='bbox 1035 1032 1151 1076; x_wconf 91' lang='lat' dir='ltr'><strong>non</strong></span> <span class='ocrx_word' id='word_1_64' title='bbox 1193 1024 1404 1095; x_wconf 87' lang='lat' dir='ltr'><strong>sponte</strong></span> <span class='ocrx_word' id='word_1_65' title='bbox 1445 1024 1542 1075; x_wconf 89' lang='lat' dir='ltr'><strong>ant</strong></span> <span class='ocrx_word' id='word_1_66' title='bbox 1585 1014 1821 1076; x_wconf 80' lang='lat' dir='ltr'><strong>crimine</strong></span> <span class='ocrx_word' id='word_1_67' title='bbox 1863 1014 2070 1076; x_wconf 79' lang='lat' dir='ltr'><strong>taedas</strong></span> 
     </span>
     <span class='ocr_line' id='line_1_12' title="bbox 310 1097 1908 1178; baseline -0.001 -18"><span class='ocrx_word' id='word_1_68' title='bbox 310 1100 655 1178; x_wconf 86' lang='lat' dir='ltr'><strong>Attigerim;</strong></span> <span class='ocrx_word' id='word_1_69' title='bbox 711 1101 823 1161; x_wconf 87' lang='lat' dir='ltr'><strong>scit</strong></span> <span class='ocrx_word' id='word_1_70' title='bbox 867 1103 1006 1162; x_wconf 82' lang='lat' dir='ltr'><strong>cura</strong></span> <span class='ocrx_word' id='word_1_71' title='bbox 1049 1099 1252 1177; x_wconf 89' lang='lat' dir='ltr'><strong>deum,</strong></span> <span class='ocrx_word' id='word_1_72' title='bbox 1300 1099 1413 1160; x_wconf 88' lang='lat' dir='ltr'><strong>etsi</strong></span> <span class='ocrx_word' id='word_1_73' title='bbox 1449 1098 1693 1159; x_wconf 83' lang='lat' dir='ltr'><strong>blandus</strong></span> <span class='ocrx_word' id='word_1_74' title='bbox 1733 1097 1908 1160; x_wconf 88' lang='lat' dir='ltr'><strong>Iason</strong></span> 
     </span>
     <span class='ocr_line' id='line_1_13' title="bbox 311 1184 1966 1262; baseline 0 -18"><span class='ocrx_word' id='word_1_75' title='bbox 311 1184 651 1262; x_wconf 85' lang='lat' dir='ltr'><strong>Virginibus</strong></span> <span class='ocrx_word' id='word_1_76' title='bbox 689 1184 830 1246; x_wconf 88' lang='lat' dir='ltr'><strong>dare</strong></span> <span class='ocrx_word' id='word_1_77' title='bbox 871 1184 1063 1246; x_wconf 87' lang='lat' dir='ltr'><strong>vincla</strong></span> <span class='ocrx_word' id='word_1_78' title='bbox 1106 1186 1306 1257; x_wconf 82' lang='lat' dir='ltr'><strong>novis;</strong></span> <span class='ocrx_word' id='word_1_79' title='bbox 1350 1201 1456 1246; x_wconf 87' lang='lat' dir='ltr'><strong>sua</strong></span> <span class='ocrx_word' id='word_1_80' title='bbox 1498 1184 1624 1244; x_wconf 91' lang='lat' dir='ltr'><strong>iura</strong></span> <span class='ocrx_word' id='word_1_81' title='bbox 1667 1192 1966 1244; x_wconf 81' lang='lat' dir='ltr'><strong>cruentum</strong></span> 
     </span>
     <span class='ocr_line' id='line_1_14' title="bbox 313 1267 1896 1346; baseline -0.003 -16"><span class='ocrx_word' id='word_1_82' title='bbox 313 1269 525 1330; x_wconf 86' lang='lat' dir='ltr'><strong>Phasin</strong></span> <span class='ocrx_word' id='word_1_83' title='bbox 566 1269 815 1346; x_wconf 84' lang='lat' dir='ltr'><strong>habent,</strong></span> <span class='ocrx_word' id='word_1_84' title='bbox 859 1269 1009 1330; x_wconf 89' lang='lat' dir='ltr'><strong>alios</strong></span> <span class='ocrx_word' id='word_1_85' title='bbox 1058 1267 1269 1341; x_wconf 78' lang='lat' dir='ltr'><strong>Colchi</strong></span> <span class='ocrx_word' id='word_1_86' title='bbox 1307 1268 1604 1346; x_wconf 79' lang='lat' dir='ltr'><strong>generatis</strong></span> <span class='ocrx_word' id='word_1_87' title='bbox 1642 1285 1896 1328; x_wconf 73' lang='lat' dir='ltr'><strong>amores.</strong></span> 
     </span>
     <span class='ocr_line' id='line_1_15' title="bbox 437 1351 1950 1434; baseline -0.001 -20"><span class='ocrx_word' id='word_1_88' title='bbox 437 1353 709 1434; x_wconf 75' lang='lat' dir='ltr'><strong>‘Iamque</strong></span> <span class='ocrx_word' id='word_1_89' title='bbox 754 1363 929 1415; x_wconf 87' lang='lat' dir='ltr'><strong>exuta</strong></span> <span class='ocrx_word' id='word_1_90' title='bbox 969 1353 1112 1431; x_wconf 80' lang='lat' dir='ltr'><strong>gelu</strong></span> <span class='ocrx_word' id='word_1_91' title='bbox 1162 1362 1477 1433; x_wconf 72' lang='lat' dir='ltr'><strong>tepuerunt</strong></span> <span class='ocrx_word' id='word_1_92' title='bbox 1520 1351 1715 1414; x_wconf 79' lang='lat' dir='ltr'><strong>sidera</strong></span> <span class='ocrx_word' id='word_1_93' title='bbox 1756 1352 1950 1431; x_wconf 78' lang='lat' dir='ltr'><strong>longis</strong></span> 
     </span>
     <span class='ocr_line' id='line_1_16' title="bbox 314 1437 1814 1516; baseline -0.002 -17"><span class='ocrx_word' id='word_1_94' title='bbox 314 1438 586 1515; x_wconf 86' lang='lat' dir='ltr'><strong>Solibus,</strong></span> <span class='ocrx_word' id='word_1_95' title='bbox 630 1448 689 1499; x_wconf 91' lang='lat' dir='ltr'><strong>et</strong></span> <span class='ocrx_word' id='word_1_96' title='bbox 730 1439 913 1499; x_wconf 85' lang='lat' dir='ltr'><strong>velox</strong></span> <span class='ocrx_word' id='word_1_97' title='bbox 952 1439 1010 1497; x_wconf 90' lang='lat' dir='ltr'><strong>in</strong></span> <span class='ocrx_word' id='word_1_98' title='bbox 1047 1437 1575 1516; x_wconf 80' lang='lat' dir='ltr'><strong>terga-revolvitur</strong></span> <span class='ocrx_word' id='word_1_99' title='bbox 1613 1455 1814 1499; x_wconf 86' lang='lat' dir='ltr'><strong>annus.</strong></span> 
     </span>
     <span class='ocr_line' id='line_1_17' title="bbox 311 1521 1882 1602; baseline -0.001 -19"><span class='ocrx_word' id='word_1_100' title='bbox 311 1523 434 1583; x_wconf 89' lang='lat' dir='ltr'><strong>Iam</strong></span> <span class='ocrx_word' id='word_1_101' title='bbox 475 1525 987 1602; x_wconf 78' lang='lat' dir='ltr'><strong>nova.progenies</strong></span> <span class='ocrx_word' id='word_1_102' title='bbox 1029 1532 1348 1602; x_wconf 85' lang='lat' dir='ltr'><strong>partusque</strong></span> <span class='ocrx_word' id='word_1_103' title='bbox 1392 1523 1450 1582; x_wconf 91' lang='lat' dir='ltr'><strong>in</strong></span> <span class='ocrx_word' id='word_1_104' title='bbox 1490 1531 1630 1583; x_wconf 87' lang='lat' dir='ltr'><strong>vota</strong></span> <span class='ocrx_word' id='word_1_105' title='bbox 1673 1521 1882 1598; x_wconf 87' lang='lat' dir='ltr'><strong>soluti,</strong></span> 
     </span>
     <span class='ocr_line' id='line_1_18' title="bbox 309 1606 1747 1687; baseline 0.001 -19"><span class='ocrx_word' id='word_1_106' title='bbox 309 1606 388 1668; x_wconf 90' lang='lat' dir='ltr'><strong>Et</strong></span> <span class='ocrx_word' id='word_1_107' title='bbox 433 1625 549 1668; x_wconf 89' lang='lat' dir='ltr'><strong>non</strong></span> <span class='ocrx_word' id='word_1_108' title='bbox 587 1610 837 1687; x_wconf 87' lang='lat' dir='ltr'><strong>speratis</strong></span> <span class='ocrx_word' id='word_1_109' title='bbox 875 1607 1123 1668; x_wconf 84' lang='lat' dir='ltr'><strong>Lemnos</strong></span> <span class='ocrx_word' id='word_1_110' title='bbox 1170 1607 1448 1668; x_wconf 83' lang='lat' dir='ltr'><strong>clamatur</strong></span> <span class='ocrx_word' id='word_1_111' title='bbox 1483 1606 1747 1670; x_wconf 88' lang='lat' dir='ltr'><strong>alumnis.</strong></span> 
     </span>
     <span class='ocr_line' id='line_1_19' title="bbox 310 1690 1929 1771; baseline -0.001 -19"><span class='ocrx_word' id='word_1_112' title='bbox 310 1690 441 1752; x_wconf 84' lang='lat' dir='ltr'><strong>Nec</strong></span> <span class='ocrx_word' id='word_1_113' title='bbox 482 1710 599 1752; x_wconf 90' lang='lat' dir='ltr'><strong>non</strong></span> <span class='ocrx_word' id='word_1_114' title='bbox 642 1693 771 1771; x_wconf 88' lang='lat' dir='ltr'><strong>ipsa</strong></span> <span class='ocrx_word' id='word_1_115' title='bbox 815 1702 1007 1754; x_wconf 88' lang='lat' dir='ltr'><strong>tamen</strong></span> <span class='ocrx_word' id='word_1_116' title='bbox 1051 1692 1286 1754; x_wconf 86' lang='lat' dir='ltr'><strong>thalami</strong></span> <span class='ocrx_word' id='word_1_117' title='bbox 1329 1700 1696 1752; x_wconf 88' lang='lat' dir='ltr'><strong>monumenta</strong></span> <span class='ocrx_word' id='word_1_118' title='bbox 1739 1692 1929 1752; x_wconf 81' lang='lat' dir='ltr'><strong>coacti</strong></span> 
     </span>
     <span class='ocr_line' id='line_1_20' title="bbox 309 1774 1819 1856; baseline -0.001 -19"><span class='ocrx_word' id='word_1_119' title='bbox 309 1774 515 1837; x_wconf 89' lang='lat' dir='ltr'><strong>Enitor</strong></span> <span class='ocrx_word' id='word_1_120' title='bbox 552 1779 853 1854; x_wconf 85' lang='lat' dir='ltr'><strong>geminos,</strong></span> <span class='ocrx_word' id='word_1_121' title='bbox 898 1777 1162 1856; x_wconf 86' lang='lat' dir='ltr'><strong>duroque</strong></span> <span class='ocrx_word' id='word_1_122' title='bbox 1205 1776 1314 1837; x_wconf 87' lang='lat' dir='ltr'><strong>sub</strong></span> <span class='ocrx_word' id='word_1_123' title='bbox 1358 1777 1610 1856; x_wconf 84' lang='lat' dir='ltr'><strong>hospite.</strong></span> <span class='ocrx_word' id='word_1_124' title='bbox 1635 1785 1819 1836; x_wconf 85' lang='lat' dir='ltr'><strong>mater</strong></span> 
     </span>
     <span class='ocr_line' id='line_1_21' title="bbox 308 1859 1847 1942; baseline 0 -22"><span class='ocrx_word' id='word_1_125' title='bbox 308 1859 537 1921; x_wconf 85' lang='lat' dir='ltr'><strong>Nomen</strong></span> <span class='ocrx_word' id='word_1_126' title='bbox 580 1863 672 1921; x_wconf 89' lang='lat' dir='ltr'><strong>avi</strong></span> <span class='ocrx_word' id='word_1_127' title='bbox 707 1879 964 1931; x_wconf 83' lang='lat' dir='ltr'><strong>renovo;</strong></span> <span class='ocrx_word' id='word_1_128' title='bbox 1005 1880 1119 1922; x_wconf 88' lang='lat' dir='ltr'><strong>nec</strong></span> <span class='ocrx_word' id='word_1_129' title='bbox 1159 1878 1313 1942; x_wconf 87' lang='lat' dir='ltr'><strong>quae</strong></span> <span class='ocrx_word' id='word_1_130' title='bbox 1355 1861 1588 1922; x_wconf 88' lang='lat' dir='ltr'><strong>fortuna</strong></span> <span class='ocrx_word' id='word_1_131' title='bbox 1621 1859 1847 1928; x_wconf 82' lang='lat' dir='ltr'><strong>relictis</strong></span> 
     </span>
     <span class='ocr_line' id='line_1_22' title="bbox 308 1944 2146 2025; baseline -0.001 -20"><span class='ocrx_word' id='word_1_132' title='bbox 308 1944 507 2006; x_wconf 86' lang='lat' dir='ltr'><strong>Nosse</strong></span> <span class='ocrx_word' id='word_1_133' title='bbox 548 1945 773 2023; x_wconf 85' lang='lat' dir='ltr'><strong>datum,</strong></span> <span class='ocrx_word' id='word_1_134' title='bbox 821 1946 933 2007; x_wconf 88' lang='lat' dir='ltr'><strong>iam</strong></span> <span class='ocrx_word' id='word_1_135' title='bbox 970 1946 1144 2025; x_wconf 88' lang='lat' dir='ltr'><strong>plena</strong></span> <span class='ocrx_word' id='word_1_136' title='bbox 1189 1945 1821 2025; x_wconf 72' lang='lat' dir='ltr'><strong>quaterquinqnennia</strong></span> <span class='ocrx_word' id='word_1_137' title='bbox 1860 1952 2146 2025; x_wconf 76' lang='lat' dir='ltr'><strong>pergunt,</strong></span> 
     </span>
     <span class='ocr_line' id='line_1_23' title="bbox 312 2028 1838 2109; baseline -0.001 -19"><span class='ocrx_word' id='word_1_138' title='bbox 312 2031 377 2090; x_wconf 91' lang='lat' dir='ltr'><strong>Si</strong></span> <span class='ocrx_word' id='word_1_139' title='bbox 422 2030 594 2091; x_wconf 92' lang='lat' dir='ltr'><strong>modo</strong></span> <span class='ocrx_word' id='word_1_140' title='bbox 640 2030 758 2091; x_wconf 88' lang='lat' dir='ltr'><strong>fata</strong></span> <span class='ocrx_word' id='word_1_141' title='bbox 799 2031 992 2091; x_wconf 85' lang='lat' dir='ltr'><strong>sinunt</strong></span> <span class='ocrx_word' id='word_1_142' title='bbox 1036 2030 1291 2109; x_wconf 86' lang='lat' dir='ltr'><strong>aluitque</strong></span> <span class='ocrx_word' id='word_1_143' title='bbox 1330 2039 1537 2109; x_wconf 83' lang='lat' dir='ltr'><strong>rogata</strong></span> <span class='ocrx_word' id='word_1_144' title='bbox 1571 2028 1838 2106; x_wconf 76' lang='lat' dir='ltr'><strong>Lycaste.</strong></span> 
     </span>
     <span class='ocr_line' id='line_1_24' title="bbox 435 2112 2047 2193; baseline -0.001 -19"><span class='ocrx_word' id='word_1_145' title='bbox 435 2114 829 2176; x_wconf 71' lang='lat' dir='ltr'><strong>‘Detumuere</strong></span> <span class='ocrx_word' id='word_1_146' title='bbox 875 2117 1044 2175; x_wconf 91' lang='lat' dir='ltr'><strong>animi</strong></span> <span class='ocrx_word' id='word_1_147' title='bbox 1083 2116 1292 2193; x_wconf 86' lang='lat' dir='ltr'><strong>maris,</strong></span> <span class='ocrx_word' id='word_1_148' title='bbox 1347 2124 1406 2175; x_wconf 89' lang='lat' dir='ltr'><strong>et</strong></span> <span class='ocrx_word' id='word_1_149' title='bbox 1446 2114 1789 2176; x_wconf 88' lang='lat' dir='ltr'><strong>clementior</strong></span> <span class='ocrx_word' id='word_1_150' title='bbox 1829 2112 2047 2174; x_wconf 83' lang='lat' dir='ltr'><strong>Auster</strong></span> 
     </span>
     <span class='ocr_line' id='line_1_25' title="bbox 309 2197 1959 2280; baseline -0.001 -21"><span class='ocrx_word' id='word_1_151' title='bbox 309 2199 461 2261; x_wconf 89' lang='lat' dir='ltr'><strong>Vela</strong></span> <span class='ocrx_word' id='word_1_152' title='bbox 501 2209 710 2276; x_wconf 88' lang='lat' dir='ltr'><strong>vocat,</strong></span> <span class='ocrx_word' id='word_1_153' title='bbox 751 2201 891 2260; x_wconf 86' lang='lat' dir='ltr'><strong>ratis</strong></span> <span class='ocrx_word' id='word_1_154' title='bbox 930 2201 1060 2280; x_wconf 90' lang='lat' dir='ltr'><strong>ipsa</strong></span> <span class='ocrx_word' id='word_1_155' title='bbox 1100 2218 1321 2260; x_wconf 89' lang='lat' dir='ltr'><strong>moram</strong></span> <span class='ocrx_word' id='word_1_156' title='bbox 1365 2208 1685 2279; x_wconf 80' lang='lat' dir='ltr'><strong>portusque</strong></span> <span class='ocrx_word' id='word_1_157' title='bbox 1728 2197 1959 2279; x_wconf 83' lang='lat' dir='ltr'><strong>quietos</strong></span> 
     </span>
     <span class='ocr_line' id='line_1_26' title="bbox 313 2283 1603 2346; baseline 0.001 -3"><span class='ocrx_word' id='word_1_158' title='bbox 313 2283 445 2345; x_wconf 89' lang='lat' dir='ltr'><strong>Odit</strong></span> <span class='ocrx_word' id='word_1_159' title='bbox 492 2293 552 2344; x_wconf 87' lang='lat' dir='ltr'><strong>et</strong></span> <span class='ocrx_word' id='word_1_160' title='bbox 592 2286 825 2346; x_wconf 71' lang='lat' dir='ltr'><strong>adversi</strong></span> <span class='ocrx_word' id='word_1_161' title='bbox 866 2284 1048 2345; x_wconf 87' lang='lat' dir='ltr'><strong>tendit</strong></span> <span class='ocrx_word' id='word_1_162' title='bbox 1091 2284 1413 2345; x_wconf 87' lang='lat' dir='ltr'><strong>retinacula</strong></span> <span class='ocrx_word' id='word_1_163' title='bbox 1456 2285 1603 2344; x_wconf 83' lang='lat' dir='ltr'><strong>saxi.</strong></span> 
     </span>
     <span class='ocr_line' id='line_1_27' title="bbox 306 2365 1878 2448; baseline 0.001 -19"><span class='ocrx_word' id='word_1_164' title='bbox 306 2368 451 2429; x_wconf 91' lang='lat' dir='ltr'><strong>Inde</strong></span> <span class='ocrx_word' id='word_1_165' title='bbox 495 2368 692 2447; x_wconf 86' lang='lat' dir='ltr'><strong>fugam</strong></span> <span class='ocrx_word' id='word_1_166' title='bbox 728 2367 991 2447; x_wconf 74' lang='lat' dir='ltr'><strong>Minyae,</strong></span> <span class='ocrx_word' id='word_1_167' title='bbox 1038 2370 1359 2448; x_wconf 86' lang='lat' dir='ltr'><strong>sociosque</strong></span> <span class='ocrx_word' id='word_1_168' title='bbox 1405 2367 1667 2447; x_wconf 83' lang='lat' dir='ltr'><strong>appellat</strong></span> <span class='ocrx_word' id='word_1_169' title='bbox 1701 2365 1878 2430; x_wconf 85' lang='lat' dir='ltr'><strong>Iason</strong></span> 
     </span>
     <span class='ocr_line' id='line_1_28' title="bbox 308 2451 1828 2530; baseline -0.002 -15"><span class='ocrx_word' id='word_1_170' title='bbox 308 2451 576 2530; x_wconf 80' lang='lat' dir='ltr'><strong>EfferuS,</strong></span> <span class='ocrx_word' id='word_1_171' title='bbox 625 2470 660 2513; x_wconf 95' lang='lat' dir='ltr'><strong>o</strong></span> <span class='ocrx_word' id='word_1_172' title='bbox 703 2454 915 2515; x_wconf 87' lang='lat' dir='ltr'><strong>utinam</strong></span> <span class='ocrx_word' id='word_1_173' title='bbox 957 2454 1069 2515; x_wconf 88' lang='lat' dir='ltr'><strong>iam</strong></span> <span class='ocrx_word' id='word_1_174' title='bbox 1107 2463 1224 2515; x_wconf 87' lang='lat' dir='ltr'><strong>tum</strong></span> <span class='ocrx_word' id='word_1_175' title='bbox 1262 2471 1391 2514; x_wconf 88' lang='lat' dir='ltr'><strong>mea</strong></span> <span class='ocrx_word' id='word_1_176' title='bbox 1435 2453 1610 2513; x_wconf 87' lang='lat' dir='ltr'><strong>litora</strong></span> <span class='ocrx_word' id='word_1_177' title='bbox 1645 2454 1828 2513; x_wconf 86' lang='lat' dir='ltr'><strong>rectis</strong></span> 
     </span>
     <span class='ocr_line' id='line_1_29' title="bbox 307 2535 1979 2618; baseline -0.001 -19"><span class='ocrx_word' id='word_1_178' title='bbox 307 2538 754 2599; x_wconf 89' lang='lat' dir='ltr'><strong>Praetervectus</strong></span> <span class='ocrx_word' id='word_1_179' title='bbox 799 2539 996 2618; x_wconf 90' lang='lat' dir='ltr'><strong>aquis,</strong></span> <span class='ocrx_word' id='word_1_180' title='bbox 1053 2539 1146 2600; x_wconf 88' lang='lat' dir='ltr'><strong>cni</strong></span> <span class='ocrx_word' id='word_1_181' title='bbox 1188 2556 1305 2598; x_wconf 86' lang='lat' dir='ltr'><strong>non</strong></span> <span class='ocrx_word' id='word_1_182' title='bbox 1345 2555 1452 2598; x_wconf 91' lang='lat' dir='ltr'><strong>sua</strong></span> <span class='ocrx_word' id='word_1_183' title='bbox 1491 2538 1738 2616; x_wconf 75' lang='lat' dir='ltr'><strong>pignora</strong></span> <span class='ocrx_word' id='word_1_184' title='bbox 1784 2535 1979 2613; x_wconf 86' lang='lat' dir='ltr'><strong>cordi,</strong></span> 
     </span>
     <span class='ocr_line' id='line_1_30' title="bbox 305 2622 1833 2702; baseline -0.001 -20"><span class='ocrx_word' id='word_1_185' title='bbox 305 2622 441 2683; x_wconf 87' lang='lat' dir='ltr'><strong>Non</strong></span> <span class='ocrx_word' id='word_1_186' title='bbox 479 2625 767 2702; x_wconf 89' lang='lat' dir='ltr'><strong>promissa</strong></span> <span class='ocrx_word' id='word_1_187' title='bbox 814 2623 993 2694; x_wconf 73' lang='lat' dir='ltr'><strong>fides:</strong></span> <span class='ocrx_word' id='word_1_188' title='bbox 1041 2633 1205 2683; x_wconf 83' lang='lat' dir='ltr'><strong>certe</strong></span> <span class='ocrx_word' id='word_1_189' title='bbox 1247 2632 1363 2684; x_wconf 87' lang='lat' dir='ltr'><strong>stat</strong></span> <span class='ocrx_word' id='word_1_190' title='bbox 1402 2622 1555 2684; x_wconf 88' lang='lat' dir='ltr'><strong>fama</strong></span> <span class='ocrx_word' id='word_1_191' title='bbox 1588 2623 1833 2682; x_wconf 82' lang='lat' dir='ltr'><strong>remotis</strong></span> 
     </span>
     <span class='ocr_line' id='line_1_31' title="bbox 309 2706 1822 2787; baseline -0.001 -18"><span class='ocrx_word' id='word_1_192' title='bbox 309 2706 621 2784; x_wconf 81' lang='lat' dir='ltr'><strong>GentibuS,</strong></span> <span class='ocrx_word' id='word_1_193' title='bbox 662 2709 944 2787; x_wconf 87' lang='lat' dir='ltr'><strong>aequorei</strong></span> <span class='ocrx_word' id='word_1_194' title='bbox 986 2708 1282 2768; x_wconf 89' lang='lat' dir='ltr'><strong>redierunt</strong></span> <span class='ocrx_word' id='word_1_195' title='bbox 1318 2707 1547 2768; x_wconf 83' lang='lat' dir='ltr'><strong>vellera</strong></span> <span class='ocrx_word' id='word_1_196' title='bbox 1586 2706 1822 2781; x_wconf 76' lang='lat' dir='ltr'><strong>Phryxi.</strong></span> 
     </span>
     <span class='ocr_line' id='line_1_32' title="bbox 430 2790 2104 2872; baseline 0.001 -21"><span class='ocrx_word' id='word_1_197' title='bbox 430 2791 545 2852; x_wconf 70' lang='lat' dir='ltr'><strong>‘Ut</strong></span> <span class='ocrx_word' id='word_1_198' title='bbox 587 2801 737 2854; x_wconf 87' lang='lat' dir='ltr'><strong>stata</strong></span> <span class='ocrx_word' id='word_1_199' title='bbox 777 2792 879 2853; x_wconf 86' lang='lat' dir='ltr'><strong>lux</strong></span> <span class='ocrx_word' id='word_1_200' title='bbox 919 2792 1133 2872; x_wconf 77' lang='lat' dir='ltr'><strong>pelago</strong></span> <span class='ocrx_word' id='word_1_201' title='bbox 1175 2801 1594 2871; x_wconf 82' lang='lat' dir='ltr'><strong>venturumque</strong></span> <span class='ocrx_word' id='word_1_202' title='bbox 1639 2790 1880 2852; x_wconf 87' lang='lat' dir='ltr'><strong>aethera</strong></span> <span class='ocrx_word' id='word_1_203' title='bbox 1920 2791 2104 2852; x_wconf 85' lang='lat' dir='ltr'><strong>sensit</strong></span> 
     </span>
     <span class='ocr_line' id='line_1_33' title="bbox 310 2875 1837 2958; baseline 0.001 -22"><span class='ocrx_word' id='word_1_204' title='bbox 310 2876 530 2958; x_wconf 71' lang='lat' dir='ltr'><strong>Tiphys</strong></span> <span class='ocrx_word' id='word_1_205' title='bbox 575 2885 635 2937; x_wconf 90' lang='lat' dir='ltr'><strong>et</strong></span> <span class='ocrx_word' id='word_1_206' title='bbox 679 2876 910 2937; x_wconf 84' lang='lat' dir='ltr'><strong>occidui</strong></span> <span class='ocrx_word' id='word_1_207' title='bbox 948 2876 1204 2938; x_wconf 87' lang='lat' dir='ltr'><strong>rubuere</strong></span> <span class='ocrx_word' id='word_1_208' title='bbox 1248 2875 1461 2938; x_wconf 87' lang='lat' dir='ltr'><strong>cubilia</strong></span> <span class='ocrx_word' id='word_1_209' title='bbox 1498 2875 1752 2953; x_wconf 86' lang='lat' dir='ltr'><strong>Phoebi,</strong></span> <span class='ocrx_word' id='word_1_210' title='bbox 1832 2891 1837 2900; x_wconf 90' lang='grc'><em>·</em></span> 
     </span>
     <span class='ocr_line' id='line_1_34' title="bbox 306 2961 2053 3042; baseline -0.001 -20"><span class='ocrx_word' id='word_1_211' title='bbox 306 2961 436 3022; x_wconf 87' lang='lat' dir='ltr'><strong>Heu</strong></span> <span class='ocrx_word' id='word_1_212' title='bbox 480 2963 688 3021; x_wconf 87' lang='lat' dir='ltr'><strong>iterum</strong></span> <span class='ocrx_word' id='word_1_213' title='bbox 730 2963 1013 3039; x_wconf 68' lang='lat' dir='ltr'><strong>gemituS,</strong></span> <span class='ocrx_word' id='word_1_214' title='bbox 1060 2963 1384 3042; x_wconf 87' lang='lat' dir='ltr'><strong>iterumque</strong></span> <span class='ocrx_word' id='word_1_215' title='bbox 1420 2962 1735 3022; x_wconf 84' lang='lat' dir='ltr'><strong>novissima</strong></span> <span class='ocrx_word' id='word_1_216' title='bbox 1779 2976 1898 3021; x_wconf 82' lang='lat' dir='ltr'><strong>nox</strong></span> <span class='ocrx_word' id='word_1_217' title='bbox 1942 2969 2053 3021; x_wconf 85' lang='lat' dir='ltr'><strong>est.</strong></span> 
     </span>
     <span class='ocr_line' id='line_1_35' title="bbox 302 3044 1826 3122; baseline 0.001 -17"><span class='ocrx_word' id='word_1_218' title='bbox 302 3045 424 3106; x_wconf 87' lang='lat' dir='ltr'><strong>Vix</strong></span> <span class='ocrx_word' id='word_1_219' title='bbox 471 3055 735 3107; x_wconf 86' lang='lat' dir='ltr'><strong>reserata</strong></span> <span class='ocrx_word' id='word_1_220' title='bbox 779 3045 939 3122; x_wconf 84' lang='lat' dir='ltr'><strong>dies,</strong></span> <span class='ocrx_word' id='word_1_221' title='bbox 988 3053 1047 3109; x_wconf 90' lang='lat' dir='ltr'><strong>et</strong></span> <span class='ocrx_word' id='word_1_222' title='bbox 1089 3047 1202 3107; x_wconf 85' lang='lat' dir='ltr'><strong>iam</strong></span> <span class='ocrx_word' id='word_1_223' title='bbox 1241 3054 1368 3107; x_wconf 87' lang='lat' dir='ltr'><strong>rate</strong></span> <span class='ocrx_word' id='word_1_224' title='bbox 1410 3045 1605 3107; x_wconf 86' lang='lat' dir='ltr'><strong>celsus</strong></span> <span class='ocrx_word' id='word_1_225' title='bbox 1650 3044 1826 3106; x_wconf 85' lang='lat' dir='ltr'><strong>Iason</strong></span> 
     </span>
     <span class='ocr_line' id='line_1_36' title="bbox 302 3128 1905 3208; baseline -0.001 -17"><span class='ocrx_word' id='word_1_226' title='bbox 302 3130 398 3191; x_wconf 85' lang='lat' dir='ltr'><strong>Ire</strong></span> <span class='ocrx_word' id='word_1_227' title='bbox 436 3129 632 3207; x_wconf 88' lang='lat' dir='ltr'><strong>iubet,</strong></span> <span class='ocrx_word' id='word_1_228' title='bbox 676 3131 981 3208; x_wconf 88' lang='lat' dir='ltr'><strong>primoque</strong></span> <span class='ocrx_word' id='word_1_229' title='bbox 1022 3130 1158 3191; x_wconf 89' lang='lat' dir='ltr'><strong>ferit</strong></span> <span class='ocrx_word' id='word_1_230' title='bbox 1197 3129 1316 3191; x_wconf 85' lang='lat' dir='ltr'><strong>dux</strong></span> <span class='ocrx_word' id='word_1_231' title='bbox 1356 3128 1610 3191; x_wconf 77' lang='lat' dir='ltr'><strong>verbere</strong></span> <span class='ocrx_word' id='word_1_232' title='bbox 1650 3137 1905 3208; x_wconf 73' lang='lat' dir='ltr'><strong>pontum.</strong></span> 
     </span>
     <span class='ocr_line' id='line_1_37' title="bbox 301 3214 1716 3293; baseline -0.001 -18"><span class='ocrx_word' id='word_1_233' title='bbox 301 3214 449 3275; x_wconf 91' lang='lat' dir='ltr'><strong>Illos</strong></span> <span class='ocrx_word' id='word_1_234' title='bbox 491 3233 524 3274; x_wconf 91' lang='lat' dir='ltr'><strong>e</strong></span> <span class='ocrx_word' id='word_1_235' title='bbox 570 3214 830 3293; x_wconf 86' lang='lat' dir='ltr'><strong>scopulis</strong></span> <span class='ocrx_word' id='word_1_236' title='bbox 872 3224 930 3275; x_wconf 89' lang='lat' dir='ltr'><strong>et</strong></span> <span class='ocrx_word' id='word_1_237' title='bbox 972 3232 1193 3275; x_wconf 85' lang='lat' dir='ltr'><strong>summo</strong></span> <span class='ocrx_word' id='word_1_238' title='bbox 1235 3215 1461 3276; x_wconf 82' lang='lat' dir='ltr'><strong>vertice</strong></span> <span class='ocrx_word' id='word_1_239' title='bbox 1507 3214 1716 3274; x_wconf 84' lang='lat' dir='ltr'><strong>montis</strong></span> 
     </span>
     <span class='ocr_line' id='line_1_38' title="bbox 303 3297 1749 3378; baseline 0 -19"><span class='ocrx_word' id='word_1_240' title='bbox 303 3301 558 3376; x_wconf 85' lang='lat' dir='ltr'><strong>Spumea</strong></span> <span class='ocrx_word' id='word_1_241' title='bbox 596 3298 856 3376; x_wconf 90' lang='lat' dir='ltr'><strong>porrecti</strong></span> <span class='ocrx_word' id='word_1_242' title='bbox 892 3297 1227 3358; x_wconf 84' lang='lat' dir='ltr'><strong>dirimentes</strong></span> <span class='ocrx_word' id='word_1_243' title='bbox 1262 3307 1433 3377; x_wconf 79' lang='lat' dir='ltr'><strong>terga</strong></span> <span class='ocrx_word' id='word_1_244' title='bbox 1478 3298 1749 3378; x_wconf 84' lang='lat' dir='ltr'><strong>profundi</strong></span> 
     </span>
     <span class='ocr_line' id='line_1_39' title="bbox 304 3380 1686 3461; baseline 0.001 -19"><span class='ocrx_word' id='word_1_245' title='bbox 304 3381 719 3461; x_wconf 87' lang='lat' dir='ltr'><strong>Prosequimur</strong></span> <span class='ocrx_word' id='word_1_246' title='bbox 754 3381 916 3460; x_wconf 87' lang='lat' dir='ltr'><strong>visu,</strong></span> <span class='ocrx_word' id='word_1_247' title='bbox 962 3380 1154 3442; x_wconf 87' lang='lat' dir='ltr'><strong>donec</strong></span> <span class='ocrx_word' id='word_1_248' title='bbox 1197 3381 1437 3445; x_wconf 78' lang='lat' dir='ltr'><strong>lassavit</strong></span> <span class='ocrx_word' id='word_1_249' title='bbox 1482 3392 1686 3445; x_wconf 85' lang='lat' dir='ltr'><strong>euntes</strong></span> 
     </span>
    </p>
   </div>
   <div class='ocr_carea' id='block_1_3' title="bbox 2214 1022 2319 1077">
    <p class='ocr_par' dir='ltr' id='par_1_3' title="bbox 2214 1022 2319 1077">
     <span class='ocr_line' id='line_1_40' title="bbox 2214 1022 2319 1077; baseline -0.019 0"><span class='ocrx_word' id='word_1_250' title='bbox 2214 1022 2319 1077; x_wconf 79' lang='lat'><strong>455</strong></span> 
     </span>
    </p>
   </div>
   <div class='ocr_carea' id='block_1_4' title="bbox 2212 2290 2321 2347">
    <p class='ocr_par' dir='ltr' id='par_1_4' title="bbox 2212 2290 2321 2347">
     <span class='ocr_line' id='line_1_41' title="bbox 2212 2290 2321 2347; baseline 0.009 -1"><span class='ocrx_word' id='word_1_251' title='bbox 2212 2290 2321 2347; x_wconf 78' lang='lat'><strong>470</strong></span> 
     </span>
    </p>
   </div>
   <div class='ocr_carea' id='block_1_5' title="bbox 2211 2713 2313 2770">
    <p class='ocr_par' dir='ltr' id='par_1_5' title="bbox 2211 2713 2313 2770">
     <span class='ocr_line' id='line_1_42' title="bbox 2211 2713 2313 2770; baseline 0 -1"><span class='ocrx_word' id='word_1_252' title='bbox 2211 2713 2313 2770; x_wconf 73' lang='lat'><strong>475</strong></span> 
     </span>
    </p>
   </div>
   <div class='ocr_carea' id='block_1_6' title="bbox 2460 872 2477 2675">
    <p class='ocr_par' dir='ltr' id='par_1_6' title="bbox 2460 872 2477 2675">
     <span class='ocr_line' id='line_1_43' title="bbox 2460 872 2477 2675; baseline 0 0"><span class='ocrx_word' id='word_1_253' title='bbox 2460 872 2477 2675; x_wconf 95' lang='lat' dir='ltr'><strong> </strong></span> 
     </span>
    </p>
   </div>
  </div>
 </body>
</html>
