2517 3909
871 182 1219 239 EDITORIS
1253 175 1686 250 PRAEFATIO.
2257 207 2331 243 xv

181 330 313 395 fere
357 330 466 415 fit,
511 329 717 394 nimio
764 330 1042 415 quodam
1089 331 1311 395 omnia
1356 330 1740 395 defendendi
1786 330 2000 396 studio
2052 330 2323 416 abripie—

181 419 391 503 batur,
443 419 543 484 ita
602 418 739 484 eius
784 418 1151 504 pedissequi
1198 440 1391 504 saepe
1436 422 1575 484 tam
1619 441 1923 505 peruerse
1969 420 2325 485 lectionum

184 529 221 573 a
263 507 452 573 codd.
498 507 932 573 exhibitarum
978 508 1336 573 extiterunt
1377 510 1639 593 patroni
1684 511 1750 574 et
1791 508 2323 574 Marklandianae

182 598 428 662 scilicet
479 596 837 662 temeritati
899 596 1334 683 audaciaeque
1403 598 1667 663 obuiam
1722 598 1914 664 eundi
1971 597 2326 683 cupiditate

182 707 254 752 eo
301 686 637 771 progressi
684 689 840 751 sunt
881 690 957 751 ut
999 686 1343 770 primarias
1391 687 1551 752 artis
1597 686 1861 752 criticae
1904 688 2165 773 regulas
2209 687 2324 751 ha·

180 775 408 840 herent
451 776 718 859 insuper
762 778 829 840 et
874 773 1183 859 Statium,
1238 775 1545 863 quicquid
1590 776 1661 840 in
1703 776 1974 842 buccam
2019 776 2327 860 uenisset,

182 864 518 948 scripsisse
585 884 805 930 secure
866 863 1271 929 affirmarent
1333 864 1621 950 satisque
1675 864 1810 931 fere
1864 865 2206 951 haberent,
2270 866 2327 930 si

179 953 504 1018 uocabula
546 953 921 1040 legerentur
963 953 1185 1018 latina.
1257 953 1429 1020 hanc
1473 953 1945 1039 interpretandi
1988 954 2326 1038 rationem,

178 1041 241 1105 in
287 1063 423 1127 qua
467 1042 661 1107 multi
704 1039 896 1108 hodie
944 1041 1068 1106 sibi
1113 1043 1405 1127 placent,
1461 1065 1606 1108 cum
1666 1042 1967 1127 plurimis
2014 1043 2323 1127 exemplis

179 1131 371 1195 liceat
416 1131 788 1217 inlustrare,
837 1131 964 1196 duo
1009 1151 1327 1216 promam.
1376 1131 1518 1197 silu.
1547 1130 1702 1218 V‘2,
1730 1129 1817 1197 54
1846 1153 1982 1219 sqq.
2020 1132 2325 1217 legimus:

1312 1291 1669 1359 quantusque
1705 1306 1774 1344 ne
1886 1291 2005 1345 tem

501 1358 791 1415 Fluctibus
827 1358 1073 1416 occiduis
1109 1359 1372 1431 fessoque
1404 1360 1726 1431 Hyperione
1813 1360 1986 1416 hulen

500 1431 733 1486 Intrarit
766 1431 1038 1487 mandata
1072 1445 1289 1502 gerens.

176 1576 458 1641 habetur
505 1574 667 1641 illud
712 1574 1108 1663 ‘negantem'
1153 1577 1225 1641 in
1271 1575 1451 1641 codd.
1500 1575 1817 1642 omnibus.
1879 1575 2052 1661 quod
2098 1579 2176 1641 ut
2218 1576 2324 1641 de-

176 1664 491 1750 fenderet,
534 1665 852 1730 Imhofius
896 1665 967 1730 in
1012 1664 1383 1750 scriptionis
1430 1665 1804 1731 scolasticae
1840 1663 2029 1729 Halis
2065 1686 2120 1730 a.
2154 1665 2322 1731 1867

177 1754 387 1819 editae
432 1776 543 1838 pp.
590 1754 768 1819 2-4
819 1754 1098 1819 adducta
1152 1753 1594 1838 exemplorum
1638 1754 1811 1818 nube
1877 1753 2164 1819 ostendit
2228 1750 2324 1839 (id

177 1843 346 1929 quod
377 1863 577 1908 nemo
604 1844 676 1907 in
709 1844 919 1929 poetis
954 1843 1179 1907 latinis
1213 1843 1323 1907 uel
1361 1842 1573 1907 obiter
1598 1845 1896 1907 uersatus
1924 1840 2323 1928 ignorabat),

179 1931 446 2018 ‘negare
477 1930 693 1996 alicui'
724 1932 1084 2018 significare
1123 1929 1362 1997 ‘officia
1389 1931 1579 1996 alicui
1610 1929 2007 1995 detrectare'.
2069 1931 2324 1998 reiectis

156 2021 377 2107 ‚igitur
422 2018 698 2085 Auantii
742 2025 813 2085 et
846 2017 1120 2086 Domitii
1166 2020 1552 2085 commentis
1598 2018 1904 2107 (quorum
1947 2019 2058 2084 ille
2102 2019 2324 2084 rectis-

180 2111 339 2175 sime
392 2108 832 2195 ‘nigrantem',
885 2109 993 2174 hic
1046 2130 1246 2195 praue
1303 2107 1686 2175 ‘natantem'
1733 2106 2125 2194 coniecerat)
2171 2107 2323 2172 refi-

177 2199 458 2264 nendam
507 2198 670 2263 dixit
712 2198 1026 2263 librorum
1075 2199 1465 2282 scripturam
1519 2198 1991 2285 legendumque
2036 2197 2321 2262 remedio

180 2288 424 2353 scilicet
494 2286 740 2352 leniore
815 2287 1194 2373 ‘negantem
1257 2286 1595 2353 Fluctibus
1669 2287 1951 2353 occiduis
2023 2286 2322 2371 fessoque

178 2374 551 2461 Hyperioni
611 2375 866 2441 Thulen
875 2374 915 2460 ³,
988 2397 1250 2441 securus
1315 2377 1426 2441 ille
1501 2376 1857 2441 sententiae
1922 2376 2117 2460 plane
2181 2396 2323 2458 per·

179 2486 432 2549 uersae3
478 2486 688 2551 neque
733 2466 903 2530 enim
949 2464 1157 2530 Thule
1192 2464 1481 2550 Phoebo,
1526 2466 1639 2532 sed
1684 2464 1790 2529 hic
1833 2467 2063 2549 utpote
2107 2463 2319 2528 fessus

180 2555 395 2638 potius
440 2554 543 2618 illi
585 2554 865 2640 denegat
906 2552 1140 2642 officia,
1184 2554 1357 2619 unde
1402 2554 1645 2641 legitur
1677 2552 1778 2618 III
1822 2552 1884 2637 5,
1922 2554 2011 2618 20
2056 2551 2322 2636 ‘Hespe-

182 2643 305 2708 riae
360 2642 538 2707 uada
592 2642 943 2728 caligantia
997 2642 1265 2707 Thules'
1321 2646 1389 2708 et
1432 2642 1529 2708 IV
1572 2645 1635 2728 4,
1681 2643 1767 2708 62
1824 2642 2073 2729 ‘nigrae
2126 2641 2322 2706 litora

183 2730 463 2797 Thules'.
553 2731 735 2796 uides
792 2731 946 2817 quid
993 2729 1202 2796 Statio
1257 2732 1617 2816 imputetur
1669 2731 1753 2796 ab
1809 2731 1903 2796 eis
1957 2730 2071 2816 qui
2114 2729 2321 2795 uerba

187 2819 590 2885 solummodo
647 2822 948 2904 spectant
1003 2821 1241 2906 quique
1295 2843 1454 2886 num
1509 2821 1579 2885 in
1622 2820 1834 2886 locum
1882 2840 1959 2884 ea
2004 2819 2324 2905 quadrent

183 2910 366 2975 nauci
403 2908 666 2974 habent.
740 2909 982 2995 optime
1019 2912 1254 2994 autem,
1298 2912 1378 2975 ut
1401 2909 1535 2974 iam
1574 2908 1954 2995 significaui,
1998 2908 2321 2973 Auantius

184 2998 333 3085 legit
373 2996 810 3084 ‘nigrantem’,
856 3019 1003 3063 cum
1041 2999 1261 3064 omnia
1296 2999 1439 3065 luce
1477 2998 1800 3064 deficienti
1837 2997 2113 3064 obscura
2148 3000 2321 3062 recte

185 3086 476 3154 dicantur
523 3085 757 3174 ‘nigra'
801 3088 910 3153 uel
955 3085 1360 3174 ‘nigrantia'3
1381 3087 1600 3174 'nimis
1647 3088 1820 3153 enim
1867 3087 2168 3171 suspicax
2212 3085 2320 3150 hic

186 3175 2319 3351 ἓῖἷῖἶῖᾱῗῖἶεὲῗὲξὶῗῗέξ’,ωᾳῖῖῗηεέἰίῗ[Ϊεέιὲεὲωῗὲἑῖἶῗ

186 3355 379 3421 intrat
423 3353 789 3440 Oceanum'
834 3354 1104 3422 meliora
1148 3355 1370 3440 potuit
1413 3355 1657 3420 docere.
1747 3356 1950 3418 restat
1992 3352 2193 3436 igit-ur
2245 3354 2322 3414 ut

188 3444 588 3511 emendemus
634 3465 694 3508 u.
755 3444 845 3509 55
906 3444 1184 3526 initium.
1251 3465 1431 3508 nam
1488 3444 1598 3528 qui
1653 3441 1789 3508 sint
1836 3436 2156 3505 ‘occidui'
2220 3435 2318 3498 illi
