2517 3909
173 167 301 235 102
724 136 730 144 ’
905 166 969 222 Ρ.
1006 164 1281 238 mmm
1319 163 1562 220 srArn

489 313 616 381 Hic
662 312 881 399 segnis
926 312 1155 397 populi
1201 312 1345 377 uias
1392 313 1703 398 grauatus
2242 332 2312 382 20

488 403 612 469 Per
658 423 923 487 campos
955 402 1092 476 ‘iter
1137 421 1330 466 omne
1376 400 1736 466 detinentes

488 491 749 579 Longos
797 490 1020 556 eximit
1064 491 1348 557 ambitus
1392 511 1692 574 nouoque

487 581 741 648 Iniectu
788 580 1027 647 solidat
1069 583 1294 664 putres
1339 579 1636 664 harenas,
1674 649 1685 659 ,

488 670 789 737 Gaudens
832 668 1164 736 Euboicae
1210 669 1475 735 domum
1520 666 1810 752 Sibyllae

490 760 956 845 Gauranosque
1000 758 1184 825 sinus
1230 762 1299 824 et
1343 760 1716 823 aestuantes
1996 792 2003 800 ·
2241 777 2312 827 25

489 848 752 935 Septem
798 848 1130 914 montibus
1177 847 1521 913 admouere
1564 845 1780 912 Baias.
2178 861 2183 866 ’

487 937 614 1005 Hic
652 936 978 1023 quondam
1023 936 1209 1022 piger
1255 958 1373 1002 axe
1420 939 1645 1002 uectus
1689 936 1817 1001 udo

486 1026 550 1093 Ν
551 1028 785 1092 utabat
828 1048 1015 1092 cruce
1058 1025 1340 1111 pendula
1383 1026 1624 1109 uiator,

489 1115 938 1201 Sorbebatque
982 1119 1164 1181 rotas
1211 1115 1504 1201 maligna
1546 1115 1761 1198 tellus,

485 1205 576 1271 Et
618 1205 802 1290 plebs
849 1205 918 1269 in
964 1204 1194 1270 mediis
1239 1204 1476 1270 Latina
1522 1203 1769 1289 campis
2239 1224 2312 1275 30

487 1292 817 1360 Horrebat
862 1294 1034 1359 mala
1077 1293 1551 1380 nauigationis3

485 1381 626 1449 Nec
671 1405 896 1449 cursus
943 1383 1165 1469 agiles,
1212 1384 1326 1449 sed
1368 1383 1754 1468 impeditum

486 1471 864 1538 Tardabant
907 1472 1029 1537 iter
1074 1472 1325 1537 orbitae
1369 1471 1671 1557 latentes,

486 1561 661 1627 Dum
703 1561 961 1647 pondus
1005 1561 1285 1626 nimium
1330 1583 1606 1646 querens
1653 1562 1773 1627 sub
1822 1562 1959 1626 alta

486 1650 684 1735 Repit
728 1649 1041 1736 languida
1085 1650 1452 1736 quadrupes
1500 1653 1758 1716 statera.
2237 1668 2310 1718 35

486 1738 580 1804 At
623 1762 813 1823 nunc,
858 1761 1022 1824 quae
1069 1739 1350 1806 solidum
1396 1738 1567 1804 diem
1602 1740 1875 1823 terebat,
2269 1777 2273 1781 ·

484 1826 810 1895 Horarum
856 1828 966 1894 uia
1008 1828 1186 1894 facta
1230 1829 1342 1894 uix
1387 1828 1678 1894 duarum.

482 1915 637 1984 Non
681 1922 906 1984 tensae
951 1918 1292 1984 uolucrum
1334 1939 1452 2003 per
1497 1919 1675 1983 astra
1718 1939 1990 2004 pennae,

482 2005 620 2072 Nec
665 2008 949 2073 uelocius
994 2007 1195 2092 ibitis,
1241 2006 1518 2072 carinae.

481 2094 610 2162 Hic
654 2097 903 2181 primus
949 2096 1137 2162 labor
1181 2096 1492 2164 incohare
1538 2096 1750 2162 sulcos
2237 2114 2310 2164 40

483 2184 576 2249 Et
620 2183 985 2251 rescindere
1030 2185 1274 2250 limites
1323 2188 1389 2251 et
1435 2186 1569 2251 alto

481 2272 730 2359 Egestu
773 2274 1035 2358 penitus
1082 2296 1317 2341 cauare
1362 2277 1598 2358 terras;

479 2360 635 2427 Mox
679 2363 950 2428 haustas
998 2363 1187 2429 aliter
1207 2364 1475 2449 'replere
1521 2364 1731 2430 fossas

478 2449 572 2516 Et
620 2474 874 2518 summo
920 2452 1239 2537 gremium
1284 2474 1517 2537 parare
1563 2453 1774 2538 dor80,

478 2538 580 2605 Ne
627 2544 863 2606 nutent
909 2541 1068 2626 sola,
1112 2563 1192 2607 ne
1237 2541 1529 2628 maligna
1575 2543 1757 2608 sedes
2231 2560 2303 2610 45

477 2628 610 2694 Det
653 2631 896 2714 pressis
943 2630 1207 2696 dubium
1254 2631 1463 2697 cubile
1511 2632 1736 2717 saxis3·

480 2717 664 2783 Tunc
707 2719 1099 2786 umbonibus
1143 2720 1298 2786 hinc
1344 2724 1411 2786 et
1454 2720 1609 2786 hinc
1657 2721 1899 2787 coactis

478 2805 569 2872 Et
615 2808 858 2874 crebris
903 2809 1028 2874 iter
1074 2809 1345 2896 alligare
1391 2809 1712 2896 gomphis.

303 3077 374 3127 20
411 3071 597 3142 segnis
636 3072 877 3144 (segnes)
918 3077 974 3143 ς,
1011 3073 1307 3129 Heinsius:
1362 3072 1509 3129 senis
1545 3079 1609 3144 A,
1663 3079 1715 3131 ct
1749 3076 1833 3131 ita
1879 3076 1969 3131 uel
2015 3075 2166 3132 seuis
2212 3083 2249 3131 0
2291 3078 2298 3150 Ι

264 3143 427 3198 natas
462 3148 510 3197 A
545 3149 612 3211 0,
656 3159 796 3200 corr.
834 3144 1104 3200 Heinsius
1140 3147 1255 3216 1121
1294 3146 1404 3202 Per
1435 3147 1663 3218 scripsi.-
1699 3146 1775 3201 Et
1808 3150 1856 3199 A
1893 3152 1929 3199 0
1955 3147 1976 3217 ΙΙ
2000 3153 2071 3202 23
2107 3149 2304 3218 putres

209 3258 221 3271 .
263 3213 534 3271 Clericus:
578 3231 778 3287 graues
830 3222 865 3268 0
902 3234 936 3269 a
970 3218 991 3286 ΙΙ
1031 3222 1101 3271 27
1137 3216 1250 3272 udo
1287 3217 1587 3273 Heinsius:
1622 3234 1733 3274 uno
1771 3223 1808 3271 0
1840 3236 1878 3272 ι
1904 3219 1926 3288 Β
1952 3224 2021 3273 33
2057 3218 2304 3290 latentes

155 3284 553 3342 Burmannus.-
598 3288 850 3343 tacentes
887 3294 923 3341 0
959 3306 993 3341 a
1037 3287 1286 3343 iacentes
1325 3288 1537 3344 Markl.
1564 3291 1586 3360 fl
1611 3295 1681 3345 35
1717 3288 1890 3360 Repit
1923 3293 1972 3342 A
2009 3293 2071 3346 ςε
2117 3290 2302 3361 Repe·-

155 3356 233 3412 rit
269 3362 306 3411 0
339 3356 360 3429 ΙΙ
394 3362 466 3414 45
500 3374 613 3414 neu
649 3358 989 3415 Schrader-us
1014 3360 1035 3430 ΙΙ
1061 3365 1130 3415 46
1167 3358 1279 3414 Det
1313 3360 1614 3417 Heinsius.-
1648 3362 1724 3417 Et
1757 3367 1794 3414 0
1829 3363 1912 3431 au
1947 3366 2017 3417 48
2053 3360 2166 3418 iter
2201 3379 2301 3434 ag·

156 3444 352 3499 gerare
380 3430 650 3488 Heinsius
681 3432 691 3500 Ι
722 3429 983 3502 gomphis
1021 3434 1091 3486 A:
1113 3431 1310 3501 -gonfis
1349 3437 1384 3484 0
