2517 3909
362 115 482 179 142
1028 130 1091 180 P.
1129 130 1397 180 Parnm
1443 129 1675 184 snm

352 282 630 362 Numina,
673 281 919 364 captivis
961 284 1134 350 etiam
1173 285 1444 350 iurabere
1489 285 1756 354 Thebis)

352 370 491 432 Dux
534 387 605 432 ea
642 385 750 450 pro
796 370 1054 446 cunctis,
1094 371 1299 433 eadem
1341 372 1452 433 sibi
1494 373 1742 454 quisque
1782 370 2058 436 vovebat.

479 452 600 515 Iam
641 455 841 534 pronis
884 451 1165 518 Gradivus
1203 458 1370 535 equis
1412 455 1728 538 Ephyraea
1769 457 2072 537 premebat
2255 470 2374 528 ια’)

349 540 577 617 Litora,
619 556 732 618 qua
772 556 1022 602 summas
1061 550 1237 621 caput
1279 540 1738 606 Acrocorinthus
1780 542 1837 602 in
1876 560 2050 608 auras

353 623 534 686 Tollit
576 633 636 685 et
676 623 899 688 alterna
933 626 1226 703 geminum
1265 643 1423 688 mare
1462 627 1721 706 protegit
1758 625 1975 690 umbra.

348 708 493 772 Inde
538 726 708 769 unum
749 708 872 772 dira
916 710 1185 774 comitum
1225 710 1301 772 de
1340 711 1518 789 plebe
1562 710 1846 774 Pavorem

353 792 776 872 Quadrupedes
811 795 1036 856 anteire
1075 793 1264 858 iubet:
1301 812 1419 855 non
1460 795 1610 858 alter
1649 795 1891 860 anhelos

348 878 648 941 Insinuare
686 885 873 938 metus
911 880 1276 960 animumque
1318 888 1591 950 avertere
1628 880 1786 944 veris
2248 894 2366 948 110

348 964 582 1043 Aptior.
667 960 1007 1028 Innumerae
1050 973 1310 1028 monstro
1350 981 1653 1043 vocesque
1694 982 2013 1045 manusque

349 1046 429 1110 Et
465 1047 651 1108 facies
689 1064 1086 1126 quaecumque
1129 1048 1305 1119 libet;
1345 1046 1533 1132 bonus
1577 1050 1764 1112 omnia
1806 1050 1968 1114 credi

346 1132 605 1209 Auctor,
651 1140 710 1193 et
749 1130 1038 1196 horrificis
1081 1133 1383 1213 lymphare
1426 1132 1749 1204 iucursibus
1790 1132 1986 1198 urbes.

350 1219 416 1279 Si
458 1218 725 1295 geminos
767 1216 930 1278 soles
971 1218 1306 1296 ruituraque
1351 1218 1591 1282 suadeat
1628 1227 1807 1295 astra,

346 1301 466 1362 Aut
505 1309 710 1364 nutare
748 1300 972 1379 solum,
1014 1310 1113 1363 aut
1159 1311 1396 1364 veteres
1439 1301 1802 1364 descendere
1842 1302 2051 1383 silvas,
2243 1318 2358 1371 115

343 1385 468 1447 Ah!
508 1386 704 1446 miseri
745 1385 964 1448 vidisse
999 1395 1223 1467 putent.
1307 1386 1468 1450 Tunc
1509 1404 1648 1448 acre
1690 1386 1945 1454 novabat

344 1467 674 1547 Ingenium
709 1469 859 1531 falso
904 1468 1258 1534 Nemeaeum
1299 1470 1546 1552 pulvere
1588 1488 1851 1551 campum

344 1552 562 1631 Erigit;
608 1555 830 1616 attoniti
870 1554 1239 1620 tenebrosam
1277 1574 1312 1616 a
1345 1556 1570 1618 vertice
1613 1554 1824 1620 nubem

343 1637 691 1717 Respexere
731 1639 915 1702 duces
926 1662 941 1711 ;
986 1640 1140 1704 falso
1184 1640 1446 1702 clamore
1486 1640 1782 1702 tumultum

342 1722 576 1800 Auget,
622 1730 680 1783 et
724 1741 879 1785 arma
923 1725 1107 1788 virum
1144 1725 1464 1804 pulsusque
1504 1726 1752 1786 imitatur
1797 1742 2100 1805 equorum,
2236 1736 2349 1794 m

343 1806 804 1888 Terribilemque
839 1827 1020 1887 vagas
1061 1809 1335 1871 ululatum
1374 1811 1600 1889 spargit
1631 1811 1691 1870 in
1729 1828 1919 1872 auras.

466 1890 743 1956 Exiluere
788 1893 986 1972 animi,
1027 1893 1374 1972 dubiumque
1413 1895 1473 1954 in
1508 1912 1795 1958 murmure
1825 1895 2038 1972 vulgus

339 1976 582 2040 Pendet.
662 1983 681 2013 ³
700 1976 810 2038 Ubi
846 1978 958 2039 iste
1001 1978 1232 2056 fragor,
1270 1978 1330 2037 ni
1368 1978 1621 2040 fallimur
1661 1977 1848 2042 aure?
1887 1979 1994 2042 sed
2036 1980 2190 2043 unde

339 2060 630 2122 Pulvereo
677 2070 827 2122 stant
868 2071 1022 2123 astra
1061 2060 1290 2142 globo?
1330 2081 1463 2126 num
1503 2062 1784 2126 Ismenius
1824 2063 1977 2126 ultro

340 2143 556 2205 Miles?
598 2144 684 2207 Ita
725 2154 846 2208 est:
891 2148 1146 2208 veniunt.
1201 2146 1383 2209 Tanta
1422 2157 1615 2211 autem
1648 2147 1886 2212 audacia
1924 2147 2185 2213 Thebis?
2235 2160 2342 2218 125

340 2229 436 2290 An
472 2227 769 2292 dubitent?
812 2231 1059 2310 agedum
1096 2231 1334 2294 inferias
1377 2242 1439 2294 et
1478 2231 1647 2295 busta
1691 2233 1994 2298 colamus!

470 2313 635 2375 Haec
666 2314 857 2378 Pavor
898 2317 1178 2386 attonitis;
1221 2317 1535 2395 variosque
1580 2335 1690 2397 per
1726 2318 1951 2396 agmina
1991 2317 2191 2380 vultus

337 2397 626 2476 Induitur,
672 2418 822 2461 nunc
861 2400 1083 2462 Pisaeis
1121 2418 1156 2462 e
1193 2401 1446 2463 millibus
1484 2420 1652 2477 unua,

337 2481 510 2543 Nunc
546 2482 772 2562 Pylius,
817 2503 970 2547 nunc
1011 2501 1118 2547 ore
1154 2484 1386 2564 Lacon,
1428 2485 1751 2565 hostesque
1795 2487 2157 2568 propinquos

341 2566 585 2627 Adiurat
624 2577 957 2651 turmasque
997 2579 1155 2640 metu
1198 2580 1533 2636 consternat
1575 2571 1747 2636 inani.
2230 2584 2344 2642 1³0

338 2650 438 2712 Nil
484 2651 692 2713 falsum
732 2655 998 2735 trepidis.
1076 2654 1153 2716 Ut
1194 2673 1342 2716 vero
1383 2655 1700 2718 amentibus
1744 2656 1871 2735 ipse
1944 2721 1949 2726 ,

338 2733 545 2796 Incidit
587 2746 647 2797 et
688 2756 895 2802 sacrae
937 2740 1150 2802 circum
1191 2740 1425 2819 fastigia
1461 2739 1632 2806 vallis

341 2819 595 2881 Turbine
630 2832 981 2901 praevectus
1024 2824 1228 2903 rapido
1271 2834 1362 2885 ter
1400 2825 1631 2889 sustulit
1671 2825 1914 2902 hastam,

340 2903 459 2964 Ter
501 2909 796 2969 concussit
836 2925 1057 2987 equos,
1102 2908 1355 2988 clipeum
1397 2919 1488 2971 ter
1530 2919 1777 2989 pectore
1821 2909 2055 2991 plausit,

339 2993 361 3023 θ
386 2988 597 3068 Arma,
639 3008 825 3068 arma,
862 2993 1047 3056 insani
1062 2996 1104 3062 ;'
1145 3012 1249 3058 sua
1295 2995 1543 3075 quisque
1585 2995 1897 3074 ignotaque
1932 2994 2096 3060 nullo
2232 3004 2335 3064 1³5

334 3072 505 3134 More
542 3076 722 3155 rapit,
764 3084 980 3138 mutant
1012 3077 1220 3157 galeas
1264 3079 1569 3158 alienaque
1614 3088 1832 3158 cogunt

334 3158 431 3220 Ad
470 3160 603 3237 iuga
646 3161 995 3240 cornipedes
1008 3184 1023 3232 ;
1064 3162 1224 3224 ferus
1270 3166 1425 3226 omni
1465 3165 1523 3226 in
1564 3174 1809 3243 pectore
1848 3163 2036 3226 saevit

332 3241 538 3303 Hortis
574 3260 735 3304 amor
778 3245 1126 3324 caedisque,
1163 3247 1306 3310 nihil
1344 3247 1725 3327 flagrantibus
1764 3247 1977 3312 obstat.

332 3325 720 3405 Praecipitant
761 3329 1158 3410 redimuntque
1197 3349 1414 3396 moras.
1502 3334 1603 3396 Sic
1637 3333 1812 3412 litora
1844 3342 2021 3402 vento

331 3406 651 3488 Incipiente
690 3411 973 3495 fremunt,
1014 3414 1233 3494 fugitur
1275 3434 1447 3497 quum
1481 3426 1716 3499 portum
1761 3417 2001 3497 ubique¹
2229 3430 2336 3490 lio
