2517 3909
343 129 469 193 224
872 192 880 201 ,
1020 145 1083 193 r.
1129 145 1411 195 Parnm,
1436 126 1671 196 eram

344 299 595 361 Desiluit
636 299 842 376 gavisa
881 299 1102 383 plagis:
1149 300 1288 367 dant
1326 299 1487 363 clara
1524 303 1741 363 meanti

347 385 524 446 Astra
566 384 789 461 locum,
836 402 1102 464 quosque
1135 386 1270 464 ipsa
1311 384 1465 464 polis
1509 385 1776 447 affixerat
1810 387 2011 463 ignes.

347 468 585 548 Iamque
625 470 834 547 premit
872 479 1097 547 terras,
1131 488 1248 533 nec
1288 470 1479 533 vultus
1522 470 1597 533 ab
1639 471 1881 534 aethere
1918 470 2136 550 longe;

352 554 474 616 Sed
516 553 733 633 placuit
757 563 998 617 mutare
1034 572 1254 632 genas,
1298 554 1363 617 fit
1403 556 1648 633 provida
1686 554 1904 632 Manto,

350 638 676 717 Responsis
719 648 781 699 ut
821 638 998 720 plena
1038 640 1218 715 fides,
1264 638 1568 703 etfraude
1600 641 1840 719 ,priores
2255 651 2363 705 64⁰

349 722 596 784 Exuitur
636 723 855 792 vultus3
901 723 1039 784 abiit
1075 723 1404 803 horrorque
1444 726 1730 803 vigorque
1876 780 1883 787 ,

348 807 444 869 Ex
487 806 706 888 oculis,
746 807 977 887 paulum
1012 807 1247 871 decoris
1289 810 1604 887 permansit
1646 809 1950 888 honosque

349 892 622 970 Mollior,
663 901 723 953 et
760 893 957 972 posito
997 894 1544 970 vatumgestamina
1578 893 1739 955 ferro
1772 926 1779 933 ·

351 976 623 1045 Subdita;
669 976 1032 1039 descendunt
1069 987 1306 1054 vestes,
1344 979 1645 1056 torvisque
1683 978 1895 1055 ligatur

348 1061 507 1123 Vitta
552 1062 763 1138 comm,
809 1080 936 1122 nam
979 1062 1174 1125 laurus
1220 1070 1381 1139 erat,
1421 1072 1614 1124 tamen
1648 1078 1867 1143 aspera
1908 1061 2169 1140 produnt
2252 1072 2359 1127 645

354 1145 469 1208 Ora
500 1145 697 1222 deam,
734 1147 1006 1226 nimiique
1047 1147 1283 1224 gradus.
1372 1147 1473 1209 Sic
1512 1146 1691 1223 Lydia
1737 1147 1955 1209 coniux

351 1230 906 1310 Amphitryoniaden
943 1241 1179 1295 exutum
1221 1230 1525 1293 horrentia
1556 1241 1728 1309 terga

349 1315 607 1376 Perdere
652 1316 923 1377 Sidonios
966 1315 1217 1379 humeris
1264 1315 1493 1377 ridebat
1536 1315 1798 1391 amictus,

351 1400 427 1460 Et
471 1400 705 1461 turbare
745 1400 914 1461 colus
955 1409 1015 1460 et
1053 1409 1325 1479 tympana
1366 1418 1643 1479 rumpere
1685 1399 1947 1461 dextra.-

475 1485 594 1544 Sed
633 1502 823 1562 neque
867 1494 925 1544 te
959 1485 1301 1557 indecorem
1332 1486 1520 1549 sacris
1564 1484 1913 1564 dignumque
1951 1481 2143 1547 iuberi
2251 1493 2360 1549 650

353 1567 516 1629 Talia
560 1567 812 1631 Dircaea
853 1578 1100 1631 stantem
1143 1587 1252 1649 pro
1297 1578 1493 1645 turre,
1529 1569 1874 1647 Menoeceu,

351 1653 604 1722 Invenit;
647 1656 946 1714 inmensae
985 1664 1253 1717 reserato
1297 1654 1489 1717 limine
1531 1663 1739 1733 portae

352 1737 671 1801 sternebas
711 1737 978 1816 Danaos,
1018 1740 1238 1818 pariter
1280 1736 1599 1799 Mavortius
1647 1738 1924 1799 Haemon.

352 1823 474 1885 Sed
516 1825 929 1900 consanguinei
965 1824 1223 1902 quamvis
1266 1831 1443 1901 atque
1486 1824 1675 1885 omnia
1710 1823 1944 1898 fratres,

356 1908 441 1969 Tu
483 1908 678 1989 prior,
718 1909 1017 1969 exanimes
1059 1909 1636 1969 circumeamulantur
1678 1910 1894 1968 acervi.
2247 1916 2356 1970 655

356 1992 539 2052 Omne
582 1993 752 2054 sedet
797 1992 1006 2069 telum,
1050 1992 1193 2053 nulli
1228 1992 1357 2051 sine
1398 1991 1675 2055 caedibus
1716 1993 1884 2052 ictus.

350 2076 615 2139 Necdum
656 2079 857 2138 aderat
895 2080 1107 2146 virtus;
1147 2092 1264 2137 non
1305 2095 1501 2152 mens,
1549 2094 1665 2139 non
1707 2076 1914 2141 dextra
1957 2077 2237 2154 quiescit,

351 2161 486 2224 Non
531 2161 701 2223 avida
737 2179 891 2223 arma
933 2170 1171 2238 vacant,
1211 2163 1339 2239 ipsa
1372 2162 1626 2222 insanire
1667 2161 1895 2225 videtur

354 2246 578 2326 Sphinx
617 2247 829 2323 galeae
865 2256 1100 2324 custos,
1140 2247 1390 2325 visoque
1432 2248 1677 2307 animata
1722 2263 1931 2307 cruore

353 2331 580 2392 Emicat
622 2331 888 2409 effigies,
934 2340 995 2412 et
1036 2346 1241 2411 sparsa
1285 2330 1581 2397 orichalca
1623 2331 1910 2406 renident,
2249 2339 2357 2395 66⁰

356 2415 544 2490 Quum
590 2416 701 2478 dea
741 2417 1048 2495 pugnantis
1090 2415 1360 2494 capulum
1397 2414 1774 2493 dextramque
1817 2415 2134 2493 repressit:

484 2500 880 2579 ‘Magnanime
924 2517 959 2560 o
1004 2501 1264 2576 iuvenis,
1315 2517 1443 2600 quo·
1468 2517 1586 2560 non
1624 2500 1929 2578 agnoverit
1972 2497 2151 2561 ullum

358 2581 590 2645 Certius
636 2586 908 2649 armifero
950 2584 1151 2649 Cadmi
1187 2585 1265 2646 de
1298 2586 1522 2647 semine
1562 2583 1821 2660 Mavors,

353 2668 575 2748 Linque
616 2669 862 2731 humiles
902 2687 1160 2750 pugnas,
1205 2686 1323 2733 non
1367 2670 1514 2731 haec
1555 2669 1658 2729 tibi
1703 2668 1898 2731 debita
1941 2669 2156 2729 virtus:

356 2753 534 2814 Astra
575 2764 819 2830 vocant,
862 2755 1156 2833 coeloque
1198 2756 1465 2830 animam,
1503 2753 1637 2836 plus
1675 2756 1945 2832 concipe,
1978 2756 2205 2817 mittes
2252 2762 2354 2817 665

354 2822 688 2899 Iamdudum
722 2838 838 2898 hoc
874 2838 1090 2904 hilares
1124 2841 1357 2916 genitor
1391 2838 1708 2901 bacchatur
1746 2837 1832 2901 ad
1864 2855 2018 2914 aras,
2058 2884 2065 2889 .

355 2923 485 2984 Hoc
527 2924 697 3000 ignes
736 2922 1036 3002 libraeque
1080 2924 1313 3000 volunt,
1358 2924 1688 3000 hocsurget
1728 2923 1973 3002 Apollo.

358 3006 733 3086 Terrigenam
772 3017 980 3066 cuncto
1024 3011 1248 3088 patriae
1285 3025 1395 3087 pro
1434 3010 1714 3084 sanguine
1759 3017 2029 3085 poscunt.

356 3091 532 3153 Fama
565 3092 730 3152 canit
753 3091 1043 3161 ,monitum
1081 3093 1299 3170 gaudet
1336 3090 1612 3157 Cadmeia
1653 3091 1869 3171 plebes

357 3173 533 3238 Certa
574 3177 686 3249 tui=3
721 3195 868 3256 rape
908 3187 1101 3241 mente
1141 3177 1323 3253 deos„
1368 3195 1513 3257 rape
1555 3176 1759 3239 nobile
1802 3176 2007 3237 fatum:
2253 3184 2359 3240 670

352 3259 413 3336 1,
462 3278 709 3339 precor,
755 3260 1059 3337 accelera,
1104 3280 1177 3321 ne
1218 3264 1517 3340 proximus
1562 3271 1814 3341 occupet
1853 3260 2162 3327 Haemon-⁹

481 3345 581 3404 Sic
622 3349 731 3421 ait,
772 3354 831 3407 et
870 3363 1076 3422 magna
1116 3348 1435 3408 cunctantis
1480 3357 1728 3426 pectora
1770 3345 1980 3411 dextr-,a

349 3424 655 3488 Permulsit
692 3432 867 3490 tacite
909 3448 1164 3509 seseque
1206 3432 1266 3491 in
1308 3431 1490 3497 cordo
1526 3432 1781 3511 reliquit.
1852 3472 1857 3483 -
