2517 3909
807 136 1208 188 THEBAIDOS
1252 139 1393 187 12113.
1439 139 1593 187 VIII.
2078 128 2196 189 177

329 289 408 350 At
442 308 560 351 non
603 293 934 356 semianimi.
964 293 1219 355 clamore
1256 293 1583 358 Menoecea
1622 294 1823 373 lapsus

193 374 375 437 Fallit
414 376 596 453 Atys,
641 379 961 456 praevertit
1005 396 1190 457 equos
1235 396 1524 459 curruque
1565 381 1739 439 citato

194 459 441 527 Desilit;
487 459 739 522 instabat
781 461 968 541 pubes
1014 462 1290 540 Tegeaea
1332 464 1564 538 iacenti,
2093 476 2199 532 600

191 543 329 605 Nec
366 543 680 624 prohibent
721 545 898 622 Tyrii.
984 552 1003 583 ³
1018 545 1266 627 Pudeat,
1315 545 1567 608 Cadmea
1612 548 1898 625 iuventuS,

197 628 555 706 Terrigenas
597 633 834 692 mentita
869 631 1097 710 patres!
1144 649 1259 711 quo
1305 632 1572 709 tenditiS,
1619 633 1821 710 inquit,

192 712 592 791 Degeneres?
630 716 913 775 meliusne
955 718 1110 777 iacet
1152 733 1260 796 pro
1309 719 1588 794 sanguine
1632 726 1833 777 nostro
1900 771 1913 781 .

190 798 431 877 Hospes
476 796 669 875 Atys?
712 809 925 861 tantum
966 802 1186 880 hospes
1228 801 1419 863 adhuc
1465 811 1524 861 et
1567 802 1832 879 coniugis
1877 802 2030 864 ultor

192 882 411 943 Infelix
453 883 701 945 nondum
740 887 851 944 iste
893 904 1067 954 suae;
1111 903 1219 945 nos
1266 887 1510 965 pignora
1552 895 1707 947 tanta
2093 898 2196 954 605

187 966 574 1029 Prodimus?'
658 967 964 1047 Insurgunt
997 971 1148 1031 iusto
1193 971 1416 1031 firmata
1457 971 1682 1050 pudore

189 1052 476 1130 Agmina,
521 1054 728 1132 cuique
773 1073 914 1114 suae
964 1055 1195 1116 rediere
1240 1057 1299 1115 in
1343 1064 1588 1134 pectora
1633 1072 1827 1116 curae.

319 1137 549 1198 Interea
589 1138 822 1199 thalami
869 1148 1101 1200 secreta
1146 1140 1203 1200 in
1249 1150 1414 1219 parte
1461 1157 1722 1217 sororeS,

190 1222 311 1283 Par
350 1221 504 1283 aliud
547 1241 799 1300 morum,
840 1226 1155 1302 miserique
1199 1225 1433 1286 innoxia
1475 1225 1678 1304 proles

194 1306 575 1386 Oedipodae,
620 1309 811 1368 varias
856 1311 1102 1370 miscent
1145 1327 1417 1370 sermone
1471 1309 1760 1388 querelas.
1924 1357 1927 1360 .
2093 1318 2198 1373 610

192 1390 327 1452 Nec
363 1391 514 1451 mala
549 1410 699 1471 quae
741 1394 929 1470 iuxta,
975 1392 1083 1455 sed
1125 1394 1302 1473 longa
1347 1393 1419 1454 ab
1467 1395 1694 1471 origine
1737 1393 1860 1470 fati,

188 1475 361 1538 Haec
393 1478 588 1535 matris
633 1477 873 1554 taedas,
923 1478 1129 1538 oculos
1171 1488 1261 1539 ast
1304 1479 1403 1539 illa
1448 1488 1748 1557 paternos,

188 1561 404 1622 Altera
444 1569 816 1637 regnantem,
862 1562 1174 1639 profugum
1214 1564 1395 1640 gemit
1435 1563 1621 1623 altera
1657 1562 1915 1641 fratrem,

191 1644 366 1706 Bella
401 1643 627 1705 ambae.
712 1643 916 1705 Gravis
960 1646 1093 1707 hinc
1130 1648 1329 1707 miseri
1370 1648 1658 1707 cunctatio
1697 1648 1838 1706 voti.

188 1729 376 1790 Nutat
410 1738 656 1806 utroque
702 1731 902 1806 timor,
947 1748 1249 1809 quemnam
1293 1729 1408 1790 hoc
1447 1731 1761 1790 certamine
1810 1731 2043 1808 victum,
2091 1741 2192 1796 615

193 1813 386 1888 Quem
426 1815 641 1873 vicisse
687 1812 893 1874 velint:
937 1817 1112 1875 tacite
1152 1815 1585 1895 praeponderat
1622 1813 1778 1874 exul.

192 1899 301 1960 Sic
337 1897 683 1959 Pandioniae
730 1909 1000 1977 repetunt
1044 1898 1139 1959 ubi
1182 1900 1296 1960 fida
1337 1900 1613 1959 volucres

190 1981 462 2062 Hospitia
504 1991 679 2062 atque
726 1983 905 2044 larem
947 1984 1148 2044 bruma
1187 1983 1454 2064 pulsante
1496 1984 1781 2058 relictum,

192 2069 479 2147 Stantque
522 2085 700 2147 super
742 2068 910 2129 nidos
954 2070 1292 2147 veterisque
1333 2067 1573 2130 exordia
1613 2068 1716 2128 fati

192 2147 484 2214 Enarrant
524 2154 696 2215 tectis
732 2162 789 2213 et
833 2162 1093 2216 truncum
1133 2172 1201 2214 ac
1247 2153 1445 2215 flebile
1491 2170 1740 2213 murmur
2090 2158 2194 2213 620

190 2236 395 2298 Verba
442 2244 675 2316 putant,
714 2255 950 2316 voxque
996 2236 1094 2298 illa
1138 2246 1330 2300 tamen
1372 2256 1488 2299 non
1532 2238 1767 2298 dissona
1809 2233 2026 2296 verbiS.

318 2321 513 2401 Atque
556 2320 636 2381 ibi
680 2332 815 2402 post
859 2322 1126 2384 lacrimas
1171 2332 1229 2383 et
1267 2322 1444 2402 longa
1487 2321 1717 2383 silentia
1760 2338 1959 2380 rursus

189 2404 436 2468 Inchoat
474 2405 736 2467 Ismene:
783 2407 1096 2482 ‘Quisnam
1134 2408 1230 2468 hic
1272 2407 1610 2468 mortalibus
1652 2401 1861 2465 error?

191 2492 360 2565 Quae
402 2490 653 2570 decepta
698 2488 890 2552 fides?
933 2511 1130 2552 curam
1181 2492 1486 2570 invigilare
1531 2490 1708 2570 quieti

191 2572 488 2655 claraque
537 2593 654 2654 per·
686 2593 923 2637 somnos
967 2578 1168 2639 animis
1211 2577 1519 2638 simulacra
1553 2572 1813 2636 reverti?
2088 2583 2190 2639 625

188 2659 357 2721 Ecce
405 2678 554 2739 ego,
600 2678 749 2740 quae
790 2660 1107 2737 thalamos,
1152 2679 1265 2722 nec
1309 2662 1360 2721 si
1407 2679 1522 2740 pax
1558 2660 1674 2721 alta
1716 2668 1997 2738 maneret,

192 2741 542 2807 Tractarem
575 2763 782 2821 sensu,
831 2745 1007 2825 pudet
1050 2746 1199 2807 heu!
1246 2746 1494 2807 conubia
1527 2745 1646 2805 vidi

186 2828 407 2907 Nocte,
432 2847 622 2892 soror.
669 2830 957 2909 Sponsum
982 2866 1068 2877 —
1088 2828 1283 2892 unde?
1313 2865 1397 2877 —-
1417 2830 1550 2890 mihi
1573 2846 1756 2909 sopor
1778 2830 1964 2891 attulit
1991 2847 2188 2891 amens

187 2914 309 2974 vix
343 2924 534 2975 notum
578 2916 738 2983 visu;
792 2915 977 2976 semel
1019 2914 1111 2975 his
1152 2917 1210 2975 in
1250 2914 1489 2976 sedibus
1532 2914 1712 2991 illum,

188 2997 345 3059 Dum
385 3018 516 3062 mea
557 3000 763 3060 nescio
811 3016 925 3078 quo
966 2999 1614 3079 spondenturfoe‘dera
1658 3008 1853 3078 pacto,
2084 3006 2190 3063 630

188 3082 456 3163 Respexi
497 3101 613 3145 uon
655 3093 900 3163 sponte,
946 3101 1152 3154 soror-3
1198 3084 1423 3145 turbata
1465 3092 1711 3163 repente

187 3166 396 3229 Omina
441 3168 790 3245 cernebam,
840 3167 1177 3248 subitusque
1225 3168 1513 3229 intercidit
1554 3170 1726 3246 ignis,

186 3250 406 3333 Meque
442 3253 798 3333 sequebatur
838 3252 1042 3314 rabido
1089 3254 1346 3315 clamore
1388 3270 1713 3333 reposcens

188 3335 381 3398 Mater
422 3338 596 3414 Atyn.
676 3333 973 3413 Quaenam
1008 3337 1158 3400 haec
1200 3337 1412 3400 dubiae
1453 3336 1759 3418 praesagia
1803 3329 2027 3395 cladis?

184 3419 320 3482 Nec
357 3424 567 3499 timeo,
611 3422 744 3484 dum
787 3432 907 3487 tuta
945 3424 1145 3488 domus
1182 3423 1473 3504 milesque
1515 3420 1759 3483 recedat
1914 3467 1921 3474 .
2083 3425 2186 3482 635

279 3525 552 3572 s‘rA‘rms
594 3528 664 3570 11.
1782 3502 1858 3564 12
