2517 3909
918 159 1294 217 SILUARUM
1332 162 1394 219 L.
1431 161 1503 231 II,
1541 170 1589 219 2.
2254 166 2340 231 47

190 305 448 371 Pieriis
497 325 774 392 aequare
819 305 1046 371 modis.
1137 306 1248 371 uix
1295 307 1519 373 ordine
1566 308 1766 395 longo

193 394 528 461 Suffecere
574 391 761 478 oculi,
804 394 934 480 uix,
980 394 1133 459 dum
1177 417 1297 480 per
1340 396 1604 482 singula
1649 397 1872 483 ducor,

195 482 528 549 Suffecere
575 483 833 568 gradusss
924 505 1089 568 quae
1132 505 1352 549 rerum
1393 487 1615 558 turba!
1662 487 1874 553 locine

193 572 550 659 Ingenium
596 593 682 637 an
727 571 968 637 domini
1011 573 1208 638 mirer
1250 575 1477 659 prius‘?
1521 575 1686 641 haec
1730 576 1960 644 domus
2006 580 2187 644 ortus
2274 595 2342 644 45

190 660 457 746 Aspicit
503 665 570 726 et
610 659 860 727 Phoebi
901 664 1199 732 tenerum
1226 661 1462 748 ‘iubar3
1508 663 1625 729 illa
1669 664 2005 731 cadentem

190 748 470 816 Detinet
518 754 935 835 exactamque
978 755 1181 836 negat
1218 751 1552 818 'dimittere
1593 753 1827 839 lucem,

192 838 364 906 Cum
409 840 545 904 iam
589 839 765 905 fessa
809 839 945 904 dies
992 841 1060 904 et
1102 841 1185 904 in·
1220 861 1503 926 aequora
1545 843 1789 908 montis
1836 845 2023 930 opaci

191 926 452 994 Umbra
499 928 671 995 cadit
714 928 1052 1013 uitreoque
1095 932 1331 994 natant
1372 931 1701 1015 praetoria
1744 937 1966 1017 ponto,

188 1015 377 1083 Haec
422 1017 643 1103 pelagi
689 1017 970 1084 clamore
1013 1017 1318 1104 fremunt,
1361 1019 1523 1085 haec
1566 1023 1742 1086 tecta
1789 1043 2063 1088 sonoros
2271 1038 2341 1089 60

189 1105 516 1192 Ignorant
559 1105 790 1173 fluctus
814 1109 1173 1192 ‘terraeque
1220 1107 1484 1173 silentia
1526 1109 1798 1182 malunt.

189 1194 315 1262 His
364 1195 534 1261 fauit
576 1199 813 1262 natura
856 1195 1035 1280 locis,
1078 1195 1184 1261 his
1228 1197 1407 1262 uicta
1451 1198 1691 1264 colenti

196 1283 419 1350 Gessit
465 1289 532 1350 et
574 1285 837 1371 ignotos
885 1284 1112 1350 docilis
1158 1287 1530 1358 mansueuit
1570 1287 1642 1352 in
1686 1310 1859 1354 usus.

190 1371 388 1439 Mons
435 1376 577 1439 erat
618 1373 744 1459 hic,
787 1374 902 1439 ubi
945 1375 1145 1459 plana
1189 1375 1398 1459 uides;
1451 1379 1516 1440 et
1558 1377 1768 1442 lustra
1811 1377 2094 1464 fuerunt,

193 1461 376 1539 Quae
411 1484 588 1528 nunc
623 1467 800 1529 tecta
835 1463 1042 1547 subis3
1086 1464 1201 1528 ubi
1234 1467 1410 1529 nunc
1445 1485 1715 1531 nemora
1740 1467 1942 1533 ardua
1977 1467 2206 1552 cernis,
2269 1482 2337 1532 55

192 1550 322 1617 Hic
369 1573 492 1617 nec
534 1552 900 1620 terrafuit.
990 1552 1243 1617 domuit
1286 1574 1642 1639 possessor,
1687 1558 1753 1619 et
1795 1556 1983 1620 illum

192 1639 620 1707 Formantem
663 1649 857 1725 rupes
905 1645 1511 1728 expugnantemque
1558 1647 1779 1709 secuta

194 1728 458 1794 Gaudet
500 1728 753 1794 humus.
841 1750 1016 1795 nunc
1061 1752 1250 1795 cerne
1295 1731 1522 1817 iugum
1566 1732 1881 1798 discentia
1926 1755 2084 1798 saxa

192 1818 655 1903 Intrantesque
701 1818 922 1884 domos
966 1819 1341 1903 iussumque
1366 1820 1679 1893 ,recedere
1726 1824 2029 1887 montem.
2181 1827 2220 1862 ⁰

192 1906 339 1973 Iam
382 1906 830 1992 Methymnaei
872 1907 1053 1972 uatis‘
1092 1929 1325 1973 manus
1365 1912 1438 1973 et
1482 1909 1704 1993 chelys
1751 1910 1868 1975 illa
2266 1927 2338 1978 60

193 1995 484 2062 Thebais
531 2000 597 2061 et
642 1994 853 2063 Getici
897 1996 1086 2063 cedat
1129 1996 1252 2061 tibi
1299 1997 1508 2083 gloria
1552 1998 1811 2083 plectri:

191 2084 281 2150 Et
325 2089 402 2152 tu
449 2084 607 2150 saxa
649 2105 891 2171 moues,
939 2090 1006 2151 et
1047 2089 1117 2150 te
1160 2108 1430 2152 nemora
1476 2087 1611 2152 alta
1656 2090 1981 2153 secuntur.

193 2173 365 2252 Quid
411 2174 691 2240 referam
735 2178 987 2242 ueteres
1032 2193 1341 2259 ceraeque
1400 2177 1692 2264 aerisque
1737 2176 2024 2263 figuras?

195 2262 265 2328 Si
312 2262 468 2350 quid
510 2263 770 2348 Apellei
815 2264 1104 2350 gaudent
1146 2264 1472 2330 animasse
1518 2266 1786 2344 colores,

196 2351 265 2418 Si
313 2351 472 2437 quid
518 2352 727 2418 adhuc
772 2375 996 2437 uacua,
1039 2356 1260 2418 tamen
1308 2353 1708 2439 admirabile,
1751 2354 1906 2423 Pisa
2266 2371 2336 2421 65

193 2440 544 2507 Phidiacae
588 2463 804 2509 rasere
848 2464 1101 2527 manus,
1146 2442 1319 2527 quod
1364 2443 1447 2508 ab
1493 2446 1632 2508 arte
1677 2441 1972 2528 Myronis

195 2528 331 2595 Aut
374 2528 746 2615 Polycleteo
790 2531 1039 2596 iussum
1084 2535 1185 2595 est
1229 2531 1403 2616 quod
1446 2532 1667 2597 uiuere
1713 2533 1911 2618 caelo,

195 2620 498 2704 Aeraque
545 2619 629 2685 ab
673 2615 1043 2688 Isthmiacis
1090 2637 1247 2685 auro
1294 2621 1553 2704 potiora
1596 2621 1865 2706 fauillis,
1987 2631 1990 2636 '

193 2706 325 2774 O'ra
369 2708 607 2774 ducum
654 2724 728 2774 ac
772 2713 998 2775 uatum
1045 2710 1538 2795 sapientumque
1586 2729 1702 2775 ora
1746 2711 2057 2795 priorum,

198 2796 372 2874 Quos
419 2793 545 2863 tibi
592 2819 747 2864 cura
791 2799 994 2883 sequi,
1039 2819 1201 2883 quos
1246 2801 1390 2865 toto
1436 2802 1696 2883 pectore
1737 2799 1961 2882 sentis,
2267 2813 2335 2866 70

195 2884 447 2972 Expers
495 2907 795 2952 curarum
844 2892 1037 2973 atque
1083 2888 1374 2953 animum
1420 2888 1661 2954 uirtute
1708 2889 1926 2973 quieta

197 2972 613 3060 Compositu‘s
660 2998 1038 3061 semperque
1082 2980 1252 3041 tuus,
1345 2976 1499 3061 quid
1545 2977 1720 3042 mille
1766 2977 2103 3043 reuoluam

333 3301 405 3350 44
440 3294 624 3351 locine
661 3298 732 3350 A:
777 3294 960 3351 lociue
997 3300 1033 3347 0
1067 3296 1088 3365 ΙΙ
1123 3299 1193 3350 46
1230 3293 1514 3365 Pr0spicit
1550 3293 1761 3350 Markl.
1789 3295 1828 3363 ΙΙ·
1848 3300 1916 3349 60
1952 3294 2054 3349 illa
2092 3295 2333 3351 Maru..-

197 3383 304 3421 una
340 3373 377 3419 ο
411 3385 446 3420 a
480 3367 580 3422 uni
615 3366 957 3423 Schraderus
990 3369 1011 3437 ss
1049 3371 1116 3422 65
1157 3355 1217 3420 Si
1244 3366 1381 3436 quid
1409 3365 1742 3435 Olympiaca
1777 3365 1964 3421 famae
2000 3364 2332 3421 admirabile

201 3438 404 3494 Markl.
432 3440 452 3508 ΙΙ
481 3445 548 3495 69
586 3454 652 3494 ac
689 3444 752 3493 c:
790 3440 850 3494 et
886 3444 920 3493 ς
960 3456 994 3491 a
1019 3439 1040 3508 [Ι
1068 3443 1132 3492 71
1171 3438 1467 3506 turbarum
1504 3436 1716 3491 Markl.
