2517 3909
704 596 796 679 P.
853 597 1276 685 PAPINII
1336 597 1696 687 STATII

363 761 2035 868 THEBAIDOS

833 950 1558 1073 LIBERX.

99 1280 112 1293 ,
200 1183 439 1296 obruit
473 1234 760 1315 Hesperia
804 1233 1102 1297 Phoebum
1144 1253 1264 1296 nox
1296 1235 1524 1297 humida
1569 1245 1758 1315 porta,

194 1321 475 1401 Imperiis
515 1328 831 1401 properata
872 1318 1062 1397 Iovis,
1105 1339 1219 1381 nee
1260 1330 1452 1382 castra
1500 1320 1808 1398 Pelasgum

196 1408 322 1468 Aut
361 1405 566 1481 Tyrias
606 1407 912 1466 miseratus
955 1421 1137 1484 opes,
1184 1406 1296 1466 sed
1335 1407 1532 1483 triste,
1577 1414 1665 1466 tot
1707 1415 1872 1467 extra

198 1492 454 1569 Agmina
495 1499 554 1551 et
595 1490 889 1550 inmeritas
929 1489 1089 1550 ferro
1134 1490 1491 1550 decrescere
1533 1499 1764 1568 gentes,

192 1576 475 1638 Panditur
516 1577 775 1635 inmenso
818 1573 1096 1635 deformis
1135 1576 1416 1652 sanguine
1449 1593 1704 1655 campus.
2171 1586 2204 1638 5

193 1662 335 1723 Illic
377 1677 533 1721 arma
574 1669 632 1720 et
676 1675 896 1738 equos,
943 1658 1103 1719 ibant
1146 1659 1352 1737 quibus
1397 1669 1529 1720 ante
1572 1658 1833 1739 superbi,

193 1746 549 1825 Funeraque
597 1744 740 1805 orba
782 1744 945 1821 rogis
988 1742 1381 1823 neglectaque
1422 1742 1677 1804 membra
1721 1743 2069 1823 relinquunt.

197 1830 369 1892 Tunc
412 1829 693 1891 inhonora
737 1828 951 1890 cohors
994 1827 1208 1889 laceris
1249 1828 1571 1906 insignibus
1618 1845 1831 1905 aegras

197 1917 532 1977 Secernunt
575 1915 766 1989 acies,
815 1923 1138 1992 portaeque
1182 1912 1510 1975 ineuntibus
1552 1929 1710 1974 arma

167 2000 504 2078 ‚Augustae
550 1999 784 2079 populis
826 1998 945 2059 late
990 2016 1210 2077 cepere
1247 2014 1543 2058 reversos.
2135 2010 2202 2061 lo

197 2085 316 2147 Par
359 2087 640 2163 utrimque
683 2084 886 2159 dolor,
930 2083 1038 2143 sed
1081 2084 1217 2144 dant
1258 2083 1467 2145 solatia
1507 2080 1725 2143 Thebis

200 2170 465 2244 Quatuor
506 2178 769 2229 errantes
808 2167 1066 2228 Danaum
1112 2170 1238 2227 sine
1276 2167 1549 2246 praeside
1594 2175 1835 2241 turmae,

201 2252 332 2314 Ceu
368 2271 526 2314 mare
571 2270 682 2333 per
719 2253 991 2313 tumidum
1031 2252 1242 2312 viduae
1285 2250 1719 2313 moderantibus
1765 2249 1900 2327 alni,

199 2339 363 2413 Quas
398 2338 544 2398 deus
589 2347 649 2398 et
686 2355 859 2399 casus
903 2346 1402 2416 tempestatesque
1437 2335 1783 2416 gubernant.

195 2423 344 2485 Inde
377 2424 595 2484 animus
635 2422 825 2501 Tyriis
866 2439 983 2483 non
1019 2423 1132 2483 iam
1173 2438 1280 2483 sua
1319 2432 1546 2498 castra,
1591 2421 1699 2482 sed
1736 2418 1888 2480 ultro
2136 2431 2200 2483 15

198 2507 490 2568 Hostilem
528 2525 769 2571 servare
805 2507 1034 2585 fugam,
1078 2525 1192 2567 nec
1229 2507 1385 2567 forte
1430 2506 1707 2583 Mycenas

202 2591 477 2653 Contenti
520 2593 770 2654 rediisse
814 2601 1041 2671 petant3
1089 2592 1188 2652 dat
1230 2600 1459 2653 tessera
1494 2592 1722 2669 signum

199 2675 515 2754 Excubiis,
561 2679 908 2757 positaeque
948 2676 1145 2745 vices3
1191 2674 1311 2736 dux
1350 2676 1542 2736 noctis
1574 2684 1817 2754 opertae

200 2764 378 2823 Sorte
420 2762 627 2840 Meges
662 2762 933 2840 ultroque
977 2759 1196 2836 Lycus;
1245 2760 1476 2841 iamque
1521 2762 1725 2824 ordine
1763 2761 1923 2821 iusso

202 2846 413 2922 Arma,
456 2846 638 2925 dapes
675 2848 985 2925 ignemque
1025 2845 1245 2914 ferunt:
1292 2864 1401 2906 rex
1447 2846 1631 2906 firmat
1675 2853 1911 2906 euntes:
2126 2854 2197 2907 20

333 2931 643 2992 ‘Victores
682 2930 972 3007 Danaum,
1013 2964 1097 2976 —
1131 2948 1245 2990 nec
1284 2932 1435 2991 enim
1477 2930 1576 2990 lux
1614 2931 1864 2991 crastina
1906 2928 2109 3006 longe,

200 3014 332 3077 Nec
376 3033 525 3095 quae
572 3033 681 3095 pro
725 3014 934 3075 timidis
978 3016 1374 3077 intercessere
1415 3014 1696 3076 tenebrae

201 3102 454 3179 Semper
497 3109 693 3177 erunt,
736 3131 824 3148 -
864 3108 1075 3176 augete
1116 3100 1339 3162 animos
1376 3109 1436 3160 et
1475 3098 1647 3177 digna
1698 3097 1969 3160 secundis

199 3185 448 3245 Pectora
486 3186 638 3246 ferte
675 3184 831 3253 deis;
877 3184 1032 3245 iacet
1074 3187 1259 3246 omnis
1295 3185 1485 3263 gloria
1521 3183 1745 3245 Lernae

201 3268 678 3349 Praecipuaeque
723 3286 954 3346 manus,
1001 3268 1175 3330 subiit
1209 3271 1437 3331 ultricia
1478 3268 1711 3344 Tydeus
2128 3277 2196 3330 25

203 3352 476 3431 Tartara,
518 3372 675 3415 mors
715 3353 964 3415 subitam
1002 3356 1153 3432 nigri
1193 3364 1389 3433 stupet
1432 3353 1666 3431 auguris
1705 3351 1984 3430 umbram,

199 3437 463 3500 Ismenos
505 3440 685 3521 raptis
730 3448 913 3502 tumet
958 3437 1441 3521 Hippomedontis
1485 3436 1714 3517 opimis,
