2517 3909
335 115 416 176 70
1004 127 1069 174 Ρ.
1115 125 1384 174 PAP1N11
1426 125 1657 175 s'rA'm

334 283 614 360 Brachia,
660 292 1074 364 manantesque
1120 283 1329 344 oculos
1371 282 1505 345 hine
1548 281 1751 344 oscula
1789 280 2038 359 turbant,

336 369 484 430 Hinc
521 367 712 445 magni
755 367 946 446 caligo
989 368 1193 445 maris,
1234 367 1582 448 tandemque
1621 366 1811 427 relicti

337 453 504 514 Stant
543 452 601 513 in
644 469 788 532 rupe
833 461 1053 523 tamem
1098 451 1378 531 fugientia
1424 452 1665 514 carbasa
1703 452 1831 511 visu

336 537 527 600 Dulce
574 538 776 616 sequi,
824 538 1161 617 patriosque
1207 537 1410 599 dolent
1452 536 1833 598 crebrescere
1867 545 2100 612 ventos,
2281 545 2355 600 30

336 626 504 685 Stant
541 631 765 698 tamen,
809 631 869 683 et
911 631 1106 683 notam
1144 640 1403 703 puppem
1448 622 1520 683 de
1564 640 1710 701 rupe
1756 620 2022 681 salutant.

465 706 630 768 Nunc
665 707 833 784 mihi,
878 706 1027 770 fama
1071 708 1231 787 prior
1274 707 1584 786 mundique
1630 723 1840 768 arcana
1881 715 2166 784 vetustas,

339 792 446 855 Cui
490 791 821 852 meminisse
869 791 1074 853 ducum
1119 794 1385 871 vitasque
1426 791 1746 852 extendere
1789 807 1987 868 curae,

335 877 530 941 Pande
573 877 764 953 viros,
813 886 991 956 tuque
1036 894 1070 936 o
1115 877 1371 937 nemoris
1409 878 1612 955 regina
1654 877 1875 952 sonori,

342 962 643 1042 Calliope,
688 979 832 1042 quas
876 961 978 1022 ille
1015 979 1251 1038 manus,
1299 979 1447 1040 quae
1489 961 1737 1022 moverit
1779 978 1936 1021 arma
2271 968 2343 1022 35

339 1046 656 1123 Gradivus,
702 1055 942 1125 quantas
985 1046 1219 1126 populis
1258 1045 1542 1107 solaverit
1585 1045 1781 1121 urbes,

340 1130 577 1193 Sublata
623 1130 828 1191 molire
873 1130 1031 1207 lyra:
1078 1149 1190 1191 nec
1227 1133 1377 1191 enim
1423 1130 1597 1192 altior
1638 1128 1741 1189 ulli

338 1214 506 1276 Mens
549 1215 755 1276 hausto
802 1215 874 1276 de
918 1215 1081 1276 fonte
1124 1218 1305 1276 venit.
1394 1215 1524 1275 Rex
1566 1216 1746 1275 tristis
1793 1221 1852 1272 et
1897 1230 2080 1290 aeger

335 1300 606 1361 Pondere
653 1317 917 1361 curarum
962 1302 1322 1381 propiorque
1368 1299 1713 1362 abeuntibus
1749 1299 1934 1374 annis,

337 1385 497 1446 Inter
538 1384 913 1446 adhortantes
954 1386 1053 1445 vix
1098 1396 1308 1465 sponte
1351 1385 1570 1446 incedit
1601 1383 1909 1460 Adrastus,
2276 1392 2350 1448 40

342 1467 664 1531 Contentus
708 1468 867 1530 ferro
915 1471 1068 1549 cingi
1111 1470 1293 1540 latus3
1339 1488 1494 1532 arma
1538 1467 1773 1547 manipli

336 1554 497 1615 Pone
548 1555 773 1632 ferunt,
811 1555 1090 1616 volucres
1128 1557 1315 1634 portis
1355 1555 1557 1632 auriga
1600 1553 1706 1613 sub
1752 1553 1900 1631 ipsis

344 1637 534 1700 Comit
576 1656 797 1717 equos,
847 1649 906 1701 et
945 1640 1057 1700 iam
1098 1639 1232 1700 inde
1278 1641 1415 1718 iugo
1462 1640 1712 1700 luctatur
1749 1637 1956 1697 Arion.

463 1723 609 1784 Huic
652 1733 831 1786 armat
872 1725 1104 1785 Larissa
1144 1725 1338 1801 viros,
1385 1723 1519 1784 huic
1556 1722 1718 1784 celsa
1761 1721 2101 1801 Prosymue,

338 1807 551 1888 Aptior
592 1809 862 1868 armentis
902 1807 1094 1870 Midea
1140 1825 1552 1889 pecorosaque
1586 1806 1849 1883 Phyllos,
2277 1816 2348 1872 45

338 1893 623 1972 Quaeque
665 1901 840 1973 pavet
882 1892 1058 1971 longa
1104 1902 1462 1972 spumantem
1506 1891 1664 1952 valle
1684 1888 2044 1952 Charadron

337 1977 545 2056 NeriS,
581 1986 648 2038 et
689 1978 909 2056 ingenti
947 1979 1186 2039 turritae
1230 1978 1387 2039 mole
1434 1975 1715 2053 Cleonae,

337 2062 417 2125 Et
458 2062 978 2123 Lacedaemonium
1023 2062 1218 2139 Thyre
1264 2062 1489 2123 lectura
1533 2078 1821 2122 cruorem.

339 2147 655 2225 Iunguntur
692 2164 983 2207 memores
1030 2149 1352 2208 transmissi
1394 2146 1469 2207 ab
1511 2146 1731 2224 origine
1775 2145 1960 2225 regis,

340 2231 454 2307 Qui
494 2230 753 2310 Drepani
795 2230 1077 2311 'scopulos
1122 2241 1183 2293 et
1225 2232 1534 2293 oliviferae
1580 2231 1848 2307 Sicyonis
2276 2241 2352 2295 50

343 2315 511 2376 Culta
554 2321 786 2392 serunt,
833 2333 981 2395 quos
1026 2316 1197 2415 pigra
1238 2317 1390 2377 vado
1434 2313 1652 2393 Langia
1694 2315 1912 2376 tacenti

336 2400 560 2462 Lambit
598 2409 656 2461 et
696 2399 957 2461 anfractu
1000 2402 1253 2481 riparum
1297 2402 1573 2461 incurvus
1607 2398 1857 2460 Elissos.

340 2487 564 2546 Saevus
608 2484 796 2545 honos
839 2484 1049 2563 fluvi0,
1097 2487 1336 2564 Stygias
1372 2486 1619 2546 lustrare
1664 2485 1893 2545 severis

336 2568 686 2631 Eumenidas
730 2569 1070 2650 perhibetur
1111 2572 1308 2650 aquis;
1351 2569 1465 2630 huc
1506 2586 1779 2646 mergere
1823 2576 2031 2630 suetae

345 2652 461 2714 Ora
499 2663 558 2714 et
599 2653 940 2715 anhelantes
983 2664 1104 2716 tuto
1150 2654 1579 2732 Phlegethonte
1622 2662 1904 2729 cerastas,
2277 2666 2351 2719 55

338 2740 458 2800 Seu
501 2737 786 2800 Thracum
827 2748 1063 2800 vertere
1102 2739 1340 2816 domos,
1388 2757 1495 2799 seu
1537 2746 1694 2799 tecta
1735 2736 2000 2812 Mycenis
2338 2781 2347 2790 -

342 2822 505 2902 Inpia
545 2820 935 2885 Cadmeumve
980 2823 1194 2897 larem;
1239 2822 1387 2902 fugit
1430 2824 1561 2902 ipse
1603 2831 1866 2883 natantes

336 2907 573 2985 AmniS,
621 2918 679 2969 et
722 2909 1032 2968 innumeris
1076 2907 1364 2968 livescunt
1405 2917 1608 2984 stagna
1650 2908 1914 2967 venenis.

465 2990 514 3053 It
558 3010 758 3053 comes
803 2991 973 3052 Inoas
1017 2990 1258 3072 Ephyre
1300 2991 1487 3052 solata
1520 2990 1797 3070 querelas

340 3075 803 3156 Cenchreaeque
847 3094 1077 3154 manus,
1123 3086 1316 3137 vatum
1360 3094 1473 3157 qua
1512 3076 1784 3136 conscius
1828 3076 2008 3136 amnis
2276 3089 2353 3145 60

340 3162 657 3240 Gorgoneo
701 3178 1015 3240 percussus
1063 3178 1250 3243 equo,
1297 3178 1529 3241 quaque
1569 3160 1805 3221 obiacet
1841 3161 1961 3220 alto

339 3244 590 3307 Isthmos
637 3253 696 3305 et
740 3264 771 3305 a
817 3247 990 3306 terris
1031 3248 1209 3307 maria
1246 3245 1518 3307 inclinata
1561 3244 1815 3324 repellit.

339 3329 503 3392 Haec
543 3333 740 3389 manus
785 3329 1094 3398 Adrastum
1135 3347 1375 3390 numero
1417 3338 1510 3389 ter
1545 3329 1705 3390 mille
1750 3329 1938 3390 secuti

338 3412 647 3475 Exultant:
693 3431 828 3494 pars
871 3434 1018 3493 gesa
1056 3433 1256 3493 manu,
1296 3432 1433 3494 pars
1473 3414 1689 3475 robora
1734 3413 1972 3475 flammis
