2517 3909
667 532 758 612 P.
818 505 1243 614 PAPINII
1303 531 1659 615 STATH

288 696 2008 830 ‚THEBAIDOS

791 885 1260 960 LIBER
1330 885 1540 961 VIII.

173 1156 279 1271 Ut
324 1210 545 1271 subitus
590 1217 755 1270 vates
793 1209 1148 1288 pallentibus
1191 1209 1391 1274 incidit
1431 1208 1668 1284 umbris,

169 1293 575 1373 Letiferasque
613 1295 817 1356 domos
860 1294 1139 1375 orbisque
1181 1314 1393 1356 arcana
1434 1291 1647 1372 sepulti

171 1377 350 1458 Rupit
391 1388 450 1439 et
491 1386 711 1442 armato
754 1377 1005 1440 turbavit
1049 1381 1253 1441 funere
1293 1379 1522 1446 Manem

168 1463 395 1524 Horror
437 1463 610 1525 habet
655 1472 930 1538 cunctos,
976 1465 1197 1542 Stygiis
1236 1466 1509 1525 mirantur
1547 1464 1605 1523 in
1650 1463 1771 1522 oris

170 1546 318 1609 Tela
344 1556 403 1607 et
425 1567 611 1628 equos
637 1565 967 1625 corpusque
987 1566 1231 1617 novum;
1265 1567 1457 1626 neque
1484 1549 1632 1608 enim
1655 1545 1883 1624 ignibus
1906 1556 2065 1608 artus
2129 1557 2163 1612 5

171 1630 454 1694 Conditus
497 1643 595 1694 aut
636 1640 861 1692 moesta
902 1634 1071 1709 niger
1109 1632 1456 1693 adventabat
1499 1630 1571 1691 ab
1608 1650 1770 1707 urna,

168 1716 292 1778 Sed
334 1715 476 1777 belli
520 1717 736 1778 sudore
781 1715 1013 1790 calens,
1054 1717 1423 1796 clipeumque
1465 1717 1719 1776 cruentis

168 1800 422 1861 Roribus
473 1813 531 1863 et
575 1804 745 1864 scissi
783 1818 1095 1880 respersus
1133 1802 1382 1879 pulvere
1427 1801 1632 1878 campi.

168 1884 432 1946 Necdum
473 1888 634 1949 illum
674 1894 769 1947 aut
811 1895 1011 1947 trunca
1051 1885 1399 1946 lustraverat
1442 1884 1614 1944 obvia
1659 1891 1794 1944 taxo

165 1968 480 2049 Eumenis,
521 1981 618 2033 aut
654 1972 824 2043 furvo
866 1970 1215 2049 Proserpina
1259 1980 1433 2049 poste
1476 1978 1702 2029 notarat

168 2053 457 2117 Coetibus
502 2067 854 2135 assumptum
891 2056 1131 2124 functis3
1179 2057 1316 2133 quin
1356 2054 1614 2115 cominus
1658 2054 1789 2132 ipsa

165 2140 441 2202 Fatorum
480 2142 768 2220 deprensa
809 2140 1010 2216 colus,
1054 2141 1301 2219 visoque
1346 2147 1631 2219 paventes

166 2224 411 2303 Augure
455 2234 591 2286 tunc
632 2227 858 2287 demum
898 2224 1243 2304 rumpebant
1278 2225 1517 2286 stamina
1560 2222 1802 2284 Parcae.

294 2310 462 2371 Illum
508 2319 568 2371 et
610 2313 806 2372 securi
848 2312 1322 2389 circumspexere
1367 2309 1666 2386 fragorem

165 2394 389 2472 Elysii,
437 2404 496 2455 et
537 2397 589 2455 si
631 2414 778 2476 quos
816 2395 1025 2475 procul
1067 2395 1346 2455 inferiore
1385 2391 1658 2453 barathro

164 2478 372 2541 Altera
413 2496 532 2539 nox
569 2480 813 2561 aliisque
854 2489 1062 2557 gravat
1105 2480 1282 2559 plaga
1325 2493 1507 2538 caeca
1548 2474 1829 2537 tenebris.

167 2564 334 2625 Tunc
372 2574 676 2642 regemunt
717 2567 987 2645 pigrique
1024 2563 1187 2624 lacus
1230 2571 1514 2640 ustaeque
1563 2558 1830 2639 paludes,

164 2647 652 2729 Umbriferaeque
694 2651 891 2712 fremit
933 2647 1191 2710 sulcator
1231 2646 1481 2726 pallidus
1525 2645 1734 2720 undae,

163 2733 506 2794 Dissiluisse
547 2751 701 2795 novo
754 2736 983 2815 penitus
1020 2731 1247 2794 telluris
1289 2732 1448 2792 hiatu

166 2818 408 2879 Tartara
451 2829 511 2880 et
552 2819 836 2881 admissos
875 2836 992 2879 uon
1033 2835 1141 2896 per
1177 2835 1283 2877 sua
1319 2816 1549 2876 flumina
1588 2811 1807 2874 Manes.

289 2902 468 2963 Forte
514 2905 728 2965 sedens
770 2904 959 2964 media
999 2903 1165 2979 regni
1201 2901 1453 2964 infelicis
1498 2901 1554 2959 in
1598 2916 1736 2959 arce

162 2988 300 3048 Dux
341 2985 522 3049 Erebi
558 2988 813 3069 populos
852 2986 1139 3068 poscebat
1178 2987 1414 3047 crimina
1449 2986 1626 3060 vitae,

162 3072 260 3133 Nil
309 3070 596 3133 hominum
640 3076 923 3135 miserans
962 3073 1259 3151 iratusque
1304 3069 1567 3130 omnibus
1611 3065 1846 3127 umbris.

162 3158 333 3218 Stant
375 3155 585 3219 Furiae
628 3162 844 3220 circum
887 3157 1200 3235 variaeque
1254 3175 1331 3215 ex
1372 3153 1575 3215 ordine
1615 3150 1859 3227 Mortes,

162 3244 478 3320 Saevaque
521 3244 858 3305 multisonas
902 3250 1148 3304 exercet
1187 3241 1380 3301 Poena
1426 3247 1682 3302 catenas.

161 3325 310 3387 Fata
355 3325 549 3388 ferant
589 3330 803 3390 animas
848 3338 907 3389 et
951 3324 1160 3387 eodem
1200 3325 1421 3405 pollice
1463 3323 1745 3384 damnant.

160 3410 359 3471 Vincit
404 3428 583 3490 opus:
631 3415 788 3476 iuxta
829 3413 1015 3475 Minos
1060 3429 1189 3474 cnm
1229 3410 1412 3472 fratre
1455 3403 1715 3468 verendo

251 3514 525 3558 smnus
571 3518 640 3559 11.
1756 3485 1823 3543 11

2096 1980 2164 2034 10

2090 3241 2159 3296 25
