2517 3909
719 132 726 139 '
860 146 1261 197 munos
1300 131 1441 196 ms.
1486 148 1583 197 IX.
2101 137 2219 200 187

223 306 469 367 Ducitur
506 304 705 366 hostili
745 336 829 349 -—
868 321 980 383 pro
1019 303 1163 365 dura
1206 305 1467 382 potentin
1508 302 1643 365 fati!
1687 337 1770 351 -·
2120 316 2224 370 180

223 390 456 467 Tydeus
497 389 601 451 ille
642 389 801 466 solo,
847 388 1020 450 modo
1062 392 1153 449 cui
1190 388 1469 449 Thebana
1511 390 1783 468 sequenti

221 476 499 553 Agmina,
544 474 670 535 sive
710 474 949 551 gradum
991 491 1097 534 seu
1139 474 1307 534 frena
1351 473 1707 550 effunderet,
1759 475 1966 552 ingens

216 560 412 620 Limes
450 560 737 638 utrimque
773 558 961 626 datum
1001 574 1284 637 nusquam
1317 577 1474 619 arma
1501 576 1827 637 manusque
1848 560 2175 640 quiescunt,

217 644 397 705 Nulla
437 643 547 704 viri
581 644 787 704 feritas
803 688 822 720 ,
865 645 1023 704 iuvat
1063 659 1168 704 ora
1207 643 1459 720 rigentia
1502 642 1625 704 leto

180 728 294 789 *Et
338 727 679 789 formidatos
721 730 934 807 inpune
978 727 1280 788 lacessere
1318 727 1533 788 vultus.
2117 740 2218 793 185

214 814 329 874 Hic
369 829 565 892 amor,
609 811 726 873 hoc
766 830 875 873 una
916 812 1095 873 timidi
1136 812 1443 890 fortesque
1491 821 1810 892 sequuntur

215 897 547 959 Nobilitate
590 914 824 974 manus,
871 897 1205 977 infectaque
1244 898 1529 974 sauguine
1563 897 1683 957 tela
1796 922 1800 927 ·

216 980 579 1060 Coniugibus
622 991 858 1043 servant
893 983 1208 1061 parvisque
1250 982 1569 1042 ostendere
1610 983 1782 1043 natis.

215 1068 323 1129 Sic
356 1066 456 1127 ubi
491 1065 690 1127 Maura
721 1066 819 1127 diu
855 1066 1192 1146 populatum
1230 1083 1367 1126 rura
1411 1066 1663 1142 leonem,

216 1151 408 1226 Quem
442 1160 686 1231 propter
722 1151 1032 1230 clausique
1064 1168 1285 1229 greges
1320 1150 1683 1230 vigilantque
1718 1149 1999 1227 magistri,
2116 1159 2221 1215 190

212 1235 520 1297 Pastorum
556 1236 750 1297 lassae
786 1234 1168 1296 debellavere
1204 1235 1516 1296 cohortes:

216 1320 447 1382 Gaudet
489 1338 659 1398 ager,
704 1338 916 1397 magno
957 1320 1208 1380 subeunt
1247 1320 1513 1381 clamore
1551 1319 1772 1395 coloni,

213 1405 729 1484 Praecerpuntque
771 1404 935 1466 iubas
978 1406 1343 1484 inmaniaque
1380 1421 1485 1466 ora
1524 1403 1850 1479 recludunt,

216 1489 558 1568 Damnaque
596 1494 1078 1575 commemfflnt,
1127 1507 1234 1550 seu
1272 1491 1383 1552 iam
1424 1488 1532 1549 sub
1579 1488 1827 1549 eulmine
1873 1488 2027 1549 fixus
2157 1567 2161 1571 q

213 1572 518 1650 Excubat,
564 1575 797 1651 antiquo
840 1591 947 1633 seu
990 1573 1209 1653 pendet
1246 1574 1438 1650 gloria
1479 1574 1637 1634 luco.
2118 1579 2223 1635 195

346 1657 427 1719 At
462 1658 623 1718 ferus
662 1657 1069 1737 Hippomedon
1103 1675 1448 1737 quamquam
1486 1659 1599 1719 iam
1636 1656 1813 1718 sentit
1853 1656 2023 1718 inane

213 1742 515 1804 Auxilium
557 1751 617 1803 et
660 1760 852 1802 seram
884 1751 1054 1821 rapto
1091 1760 1201 1821 pro
1241 1759 1497 1820 corpore
1535 1758 1808 1821 pagum,

216 1827 269 1888 It
312 1836 505 1888 tamen
548 1836 608 1887 et
652 1844 890 1887 caecum
933 1835 1084 1888 rotat
1124 1826 1539 1888 inrevocabilis
1585 1842 1805 1887 ensem.

214 1911 336 1972 Vix
376 1912 573 1972 socios
610 1911 987 1990 hostemque,
1029 1911 1305 1973 nihildum
1346 1911 1538 1973 tardet
1579 1918 1831 1984 euntem,

215 1998 590 2073 Secernens,
633 1996 740 2056 sed
783 1995 967 2057 caede
1003 2013 1156 2057 nova
1197 1998 1312 2056 iam
1353 1995 1576 2057 lubrica
1612 1995 1791 2056 tellus
2120 2004 2223 2058 200

216 2082 517 2160 Armaque
564 2082 1010 2159 seminecesque
1051 2081 1160 2140 viri
1201 2098 1523 2160 currusque
1565 2079 1739 2141 soluti

214 2165 526 2246 Inpediunt
565 2164 911 2245 laevumque
950 2165 1170 2242 femur,
1219 2165 1378 2244 quod
1422 2165 1665 2245 cuspide
1702 2164 1878 2224 fixum

214 2251 406 2329 Regis
447 2248 746 2327 Echionii,
803 2267 909 2309 seu
948 2249 1410 2312 dissimulaverat
1451 2250 1684 2326 ardens,

218 2337 362 2396 Sive
401 2334 482 2394 ibi
520 2335 845 2395 nescierat:
889 2343 1175 2395 moestum
1214 2335 1375 2395 videt
1415 2334 1649 2415 Hoplea
1683 2333 1933 2395 tandem.

217 2419 459 2496 Tydeos
502 2418 598 2479 hic
637 2420 828 2497 magni
871 2419 1017 2480 lidus
1062 2435 1262 2480 comes
1305 2429 1364 2480 et
1406 2421 1580 2480 modo
1624 2419 1838 2479 frustra
2116 2430 2221 2484 205

214 2505 523 2583 Armiger3
567 2503 859 2583 alipedem
898 2520 1084 2582 prona
1125 2505 1363 2565 cervice
1405 2502 1644 2565 tenebat

212 2588 491 2650 Fatorum
527 2588 789 2665 ignarum
821 2588 1035 2649 domini
1074 2589 1381 2667 solumque
1421 2588 1767 2649 frementem

214 2672 392 2753 Quod
430 2682 633 2749 vacet,
685 2673 859 2752 inque
908 2674 1070 2734 acies
1113 2673 1416 2734 audentior
1456 2672 1561 2734 ille
1604 2672 1940 2753 pedestres,

213 2757 386 2817 Hunc
428 2766 835 2836 aspernantem
876 2758 1095 2819 tumido
1136 2776 1291 2819 nova
1332 2758 1597 2838 pondera
1636 2767 1807 2834 tergo
1848 2788 1933 2802 ——

191 2842 403 2903 Unam
443 2843 661 2921 quippe
697 2860 920 2902 manum
966 2842 1194 2903 domitis
1232 2852 1510 2922 expertus
1548 2842 1622 2903 ab
1659 2842 1821 2902 annis
1863 2877 1947 2888 -
2115 2853 2220 2907 210

216 2925 865 3006 Corripit¹affaturque2
912 2926 1102 3001 ‘Quid
1139 2944 1174 2987 o
1211 2945 1362 2989 nova
1398 2929 1556 2989 iussa
1593 2944 1858 3003 recusas,

211 3010 433 3072 Infelix
476 3007 759 3089 sonipes?
819 3029 1100 3091 nusquam
1142 3011 1246 3071 tibi
1292 3012 1464 3073 dulce
1500 3010 1741 3091 superbi

214 3095 407 3173 Regis
450 3111 623 3163 onus;
666 3113 785 3156 non
826 3097 938 3156 iam
974 3094 1193 3156 Aetolo
1239 3094 1532 3156 satiabere
1575 3111 1805 3174 campo,

214 3180 693 3259 Gaudentemque
730 3179 922 3241 iubam
957 3197 1068 3260 per
1104 3188 1309 3257 stagna
1339 3180 1627 3242 Acheloia
1666 3180 1889 3240 solves.

218 3262 393 3337 Quod
437 3275 736 3343 superest,
778 3282 982 3342 caros,
1035 3265 1086 3341 i,
1134 3265 1340 3326 saltem
1381 3265 1674 3326 ulciscere
1709 3281 1911 3325 manes
1979 3306 1988 3317 ·
2113 3275 2218 3328 215

215 3346 338 3409 Aut
381 3366 666 3427 sequere,
711 3358 1009 3410 extorrem
1050 3364 1167 3410 neu
1212 3358 1272 3410 tu
1312 3367 1549 3430 quoque
1594 3349 1841 3410 laeseris
1879 3347 2136 3411 umbram

215 3429 499 3513 Captivus
540 3434 929 3513 tumidumque
970 3435 1223 3516 equitem
1265 3444 1402 3515 post
1438 3433 1640 3510 Tydea
1682 3438 1933 3513 portes!
