2517 3909
378 132 457 195 98
682 143 686 145 ⁷
1044 146 1106 192 P.
1156 144 1424 192 mma
1465 143 1698 193 srA‘rn

383 357 388 364 ,
505 299 674 361 eNon
717 318 832 378 ego
876 317 1026 361 nunc
1069 300 1229 378 vulgi
1266 315 1610 380 quamquam
1655 299 1925 364 crudelia·
1959 298 2209 380 pandam

378 387 637 461 Funera,
678 386 783 445 sed
831 386 1066 465 propria
1108 386 1303 446 luctas
1344 385 1418 445 de
1463 386 1646 463 stirpe
1689 385 1998 448 recordor.
2284 424 2295 432 ·

380 470 550 546 Quod
585 479 675 548 te,
721 469 872 530 ssave
916 468 1153 546 Cydon,
1200 469 1357 550 quod
1399 478 1459 530 te
1504 487 1612 547 per
1654 470 1812 531 colla
1850 471 2065 532 refusis
2158 507 2165 514 ‹
2271 479 2372 536 220

374 557 686 629 Iutactum,
732 554 1032 631 Crenaee,
1078 556 1261 616 comis
1297 589 1382 599 ——
1422 554 1639 633 quibus
1669 554 1853 616 ubera
1891 573 2128 617 mecum·

378 639 804 719 Obliquumque
850 658 884 701 a
922 650 1090 719 patre
1132 658 1320 718 genus
1362 673 1448 685 —-
1488 639 1853 718 fortemque,
1892 640 2167 702 timebam

377 725 561 798 Quem
600 724 928 803 desponsa,
981 723 1176 801 Gyan,
1222 724 1345 785 vidi
1376 722 1625 802 lapsare·
1662 733 1937 786 cruentae

371 810 630 872 Vulnere
676 808 1083 885 Myrmidonisz,
1132 809 1411 889 quodque
1452 809 1603 869 inter
1650 819 1809 869 serta
1846 810 2186 889 chorosque

372 893 629 955 Barbara
672 894 963 955 ludentem
1001 893 1267 955 fodiebat
1312 892 1556 972 Opopea
1597 901 1799 955 mater.
2266 904 2367 960 225

507 978 675 1040 ‘Flet
718 996 900 1060 super
940 996 1298 1057 aequaevum
1349 995 1520 1039 soror
1562 987 1859 1040 exarmata
1900 977 2159 1054 Lycaste

377 1062 688 1139 Cydimon,
732 1064 875 1125 heu!
914 1064 1133 1125 similes
1176 1064 1434 1142 perituro
1479 1064 1538 1124 in
1582 1076 1840 1142 corpore
1882 1065 2074 1126 vultus

373 1147 724 1228 Adspiciens
767 1149 1090 1228 floremque
1133 1166 1360 1226 genae,
1409 1157 1468 1209 et
1510 1167 1657 1228 quas
1700 1148 1944 1210 finxerat
1983 1165 2129 1210 auro

372 1233 509 1311 Ipsa
557 1251 784 1303 comas3
833 1244 950 1294 tum
994 1243 1173 1293 saeva
1215 1251 1428 1313 pareus
1475 1235 1587 1293 iarn
1632 1234 1882 1311 coniuge
1925 1234 2058 1294 fuse

377 1316 613 1377 Adstitit
655 1318 999 1397 inpellitque
1031 1318 1194 1378 minis
1235 1327 1408 1396 atque
1454 1318 1658 1378 inserit
1701 1336 1920 1379 ensem.
2271 1327 2371 1382 230

373 1401 449 1462 Ut
492 1402 653 1480 fera,
702 1420 850 1482 quae
895 1402 1128 1481 placido
1171 1402 1394 1464 rabiem
1435 1403 1676 1463 desueta
1720 1404 1997 1480 magistro

376 1485 618 1547 Tardius
659 1506 815 1548 arma
855 1496 1052 1547 movet
1094 1487 1463 1566 stimulisque
1505 1497 1565 1548 et
1607 1486 1860 1548 verbere
1904 1487 2119 1572 crebre

373 1570 438 1630 ln
479 1587 675 1631 mores
721 1580 902 1649 negat
934 1574 1018 1632 ire
1064 1587 1237 1632 suos:
1283 1573 1373 1633 sic
1404 1572 1504 1633 illa
1540 1573 1755 1634 iacenti

371 1656 608 1731 Incidit,
656 1658 1081 1736 undantemque
1122 1660 1248 1718 sina
1293 1657 1558 1736 collapsa
1600 1674 1897 1718 cruorem·

373 1738 612 1819 Excipit
658 1751 717 1802 et
759 1742 993 1803 laceros
1036 1743 1243 1821 premit
1284 1744 1342 1802 in
1381 1759 1533 1803 nova
1570 1742 1813 1803 vulnera
1856 1742 2068 1802 erineS.
2274 1746 2371 1802 235

504 1825 614 1886 eUt
654 1843 797 1887 vero
841 1826 1189 1888 Alcimeden
1228 1828 1535 1887 etiamnum
1574 1828 1632 1886 in
1674 1843 1962 1888 murmure
2005 1833 2252 1886 truncos

373 1910 556 1970 Ferre
599 1912 780 1990 patris
823 1911 1016 1972 vultus
1062 1921 1121 1972 et
1158 1921 1430 1989 egentem
1474 1913 1770 1989 sanguinis
1816 1928 2017 1972 ensem

375 1993 708 2075 Conspexi,
753 1997 989 2073 riguere
1027 2014 1262 2073 comae,
1322 2005 1496 2074 atque
1538 1998 1598 2060 iu
1639 1997 1871 2057 viscera
1918 2010 2133 2056 saevus

372 2079 594 2141 Horror
634 2081 716 2140 iit.
804 2079 967 2140 Meus
1012 2081 1116 2141 ille
1160 2080 1389 2155 Thoas,
1426 2098 1556 2141 mea
1595 2081 1719 2142 dira
1759 2080 1949 2144 videri

371 2163 594 2225 Dextra
638 2166 803 2241 mihi,
850 2166 1146 2244 extemplo
1184 2165 1449 2226 thalamis
1493 2165 1721 2227 turbata
1766 2165 2023 2244 paternis
2276 2175 2377 2228 240

372 2248 620 2310 Inferor.
708 2249 817 2310 Ille
866 2250 1098 2328 quidem
1141 2250 1349 2310 dudum
1391 2283 1478 2298 --
1517 2251 1647 2328 quis
1687 2267 1893 2327 magna
1929 2248 2110 2309 tuenti

375 2331 664 2395 Somnus?
702 2369 786 2381 —-·
828 2336 947 2412 agit
989 2352 1232 2396 versans
1273 2352 1503 2411 secum,
1550 2337 1662 2396 etsi
1704 2335 1819 2396 lata
1853 2336 2105 2395 recessit

373 2419 533 2480 Urbe
575 2419 811 2495 domuS,
855 2420 1083 2499 quinam
1126 2421 1648 2498 strepitus,·quae·
1678 2435 1964 2480 murmura
2001 2421 2217 2497 noctis,

375 2502 494 2564 Cur
535 2503 915 2566 fremebunda
959 2502 1169 2584 quies?
1224 2504 1456 2583 trepido
1498 2506 1695 2565 scelus
1738 2504 1945 2564 ordine
1987 2506 2233 2582 pandos

375 2588 519 2663 Quis
561 2588 766 2666 dolor,
814 2588 963 2651 unde
1005 2592 1203 2657 animi:
1260 2591 1349 2649 vis
1391 2589 1559 2650 nulla·
1593 2605 1800 2651 arcere
1837 2588 2128 2657 furentem
2278 2600 2379 2654 245

373 2672 497 2732 Hae
528 2691 813 2752 sequere,
856 2692 892 2734 o
922 2675 1283 2751 miserande,
1315 2683 1581 2753 premunt
1608 2673 1967 2751 aderuntque
1995 2676 2269 2752 moranti,
2296 2723 2301 2728 .

377 2756 454 2816 Et
495 2776 720 2818 mecum
761 2758 1014 2819 fortasse
1059 2760 1256 2819 cades,
1344 2759 1449 2820 His
1493 2768 1681 2819 motus
1725 2767 1785 2819 et
1830 2767 1991 2820 artus

374 2842 579 2902 Erexit
615 2843 837 2912 stratis;
880 2842 1116 2903 ferimur
1155 2861 1265 2922 per
1301 2843 1471 2905 devia
1509 2853 1734 2905 vastae

374 2925 580 3002 Urbis,
624 2925 722 2985 ubi
766 2928 1058 3004 ingentem
1095 2937 1415 2990 nocturnae
1460 2928 1655 2990 caedis
1698 2941 1973 2990 acervum

372 3011 627 3088 Passim,
676 3019 734 3070 ut
778 3027 1042 3090 quosque
1086 3014 1270 3074 saeris
1318 3012 1575 3074 erudelis
1616 3029 1872 3091 vespera
1915 3011 2062 3073 lueis
2282 3021 2382 3078 250

375 3098 708 3172 Straverat,
754 3095 985 3156 occulta
1024 3097 1399 3176 speculamur
1431 3098 1585 3160 nube
1630 3097 1903 3160 latentes.

373 3179 482 3241 Hic
523 3182 791 3259 inpressa
825 3180 971 3241 toris
1015 3197 1152 3258 ora,
1196 3191 1581 3261 extantesque
1622 3182 1891 3244 reclusis·

373 3263 717 3325 Pectoribus
761 3265 1037 3343 ewulm,
1080 3284 1414 3344 magnarum
1454 3276 1514 3326 et
1558 3267 1837 3345 fragmina
1879 3275 2080 3328 trunca

373 3347 678 3410 Hastarum
717 3358 776 3410 et
821 3350 979 3411 ferro
1020 3351 1247 3411 laceras
1300 3369 1409 3429 per
1450 3368 1702 3429 corpora
1746 3361 1977 3427 vestes,

378 3429 649 3494 Crateras
688 3451 906 3514 pronos
951 3436 1273 3515 epulasque
1323 3437 1379 3496 in
1417 3436 1599 3498 caede
1639 3445 1921 3498 natantes·
2283 3445 2381 3497 255
