<?xml version="1.0" encoding="UTF-8"?>
<!DOCTYPE html PUBLIC "-//W3C//DTD XHTML 1.0 Transitional//EN"
    "http://www.w3.org/TR/xhtml1/DTD/xhtml1-transitional.dtd">
<html xmlns="http://www.w3.org/1999/xhtml" xml:lang="en" lang="en">
 <head>
  <title>
</title>
<meta http-equiv="Content-Type" content="text/html;charset=utf-8" />
  <meta name='ocr-system' content='tesseract 3.04.00' />
  <meta name='ocr-capabilities' content='ocr_page ocr_carea ocr_par ocr_line ocrx_word'/>
</head>
<body>
  <div class='ocr_page' id='page_1' title='image "./ppapiniusstatiu00placgoog_0200.png"; bbox 0 0 2517 3909; ppageno 0'>
   <div class='ocr_carea' id='block_1_1' title="bbox 257 177 1684 250">
    <p class='ocr_par' dir='ltr' id='par_1_1' title="bbox 257 177 1684 250">
     <span class='ocr_line' id='line_1_1' title="bbox 257 177 1684 250; baseline 0.001 -15"><span class='ocrx_word' id='word_1_1' title='bbox 257 178 363 235; x_wconf 83' lang='lat' dir='ltr'>XII</span> <span class='ocrx_word' id='word_1_2' title='bbox 661 238 676 250; x_wconf 57' lang='lat'>,</span> <span class='ocrx_word' id='word_1_3' title='bbox 876 177 1215 236; x_wconf 80' lang='lat' dir='ltr'><strong>EDITORIS</strong></span> <span class='ocrx_word' id='word_1_4' title='bbox 1252 179 1684 237; x_wconf 83' lang='lat' dir='ltr'><strong>PRAEFATIO.</strong></span> 
     </span>
    </p>
   </div>
   <div class='ocr_carea' id='block_1_2' title="bbox 235 322 2307 3514">
    <p class='ocr_par' dir='ltr' id='par_1_2' title="bbox 235 322 2307 3514">
     <span class='ocr_line' id='line_1_2' title="bbox 258 322 2307 412; baseline 0.005 -24"><span class='ocrx_word' id='word_1_5' title='bbox 258 322 324 390; x_wconf 94' lang='lat' dir='ltr'>II</span> <span class='ocrx_word' id='word_1_6' title='bbox 356 324 502 390; x_wconf 84' lang='lat'><strong>167.</strong></span> <span class='ocrx_word' id='word_1_7' title='bbox 561 324 931 390; x_wconf 85' lang='lat' dir='ltr'>Librarium</span> <span class='ocrx_word' id='word_1_8' title='bbox 977 326 1291 392; x_wconf 89' lang='lat' dir='ltr'>sermonis</span> <span class='ocrx_word' id='word_1_9' title='bbox 1327 325 1515 391; x_wconf 91' lang='lat' dir='ltr'>latini</span> <span class='ocrx_word' id='word_1_10' title='bbox 1561 327 1722 391; x_wconf 90' lang='lat' dir='ltr'>satis</span> <span class='ocrx_word' id='word_1_11' title='bbox 1759 326 2062 412; x_wconf 88' lang='lat' dir='ltr'>ignarum</span> <span class='ocrx_word' id='word_1_12' title='bbox 2090 330 2307 398; x_wconf 82' lang='lat' dir='ltr'>fuisse</span> 
     </span>
     <span class='ocr_line' id='line_1_3' title="bbox 257 414 2298 506; baseline 0.005 -29"><span class='ocrx_word' id='word_1_13' title='bbox 257 434 448 478; x_wconf 90' lang='lat' dir='ltr'>nemo</span> <span class='ocrx_word' id='word_1_14' title='bbox 524 414 647 479; x_wconf 92' lang='lat' dir='ltr'>erit</span> <span class='ocrx_word' id='word_1_15' title='bbox 714 415 870 498; x_wconf 89' lang='lat' dir='ltr'>quin</span> <span class='ocrx_word' id='word_1_16' title='bbox 950 414 1313 500; x_wconf 87' lang='lat' dir='ltr'>intellegat:</span> <span class='ocrx_word' id='word_1_17' title='bbox 1396 416 1690 499; x_wconf 87' lang='lat' dir='ltr'>quamvis</span> <span class='ocrx_word' id='word_1_18' title='bbox 1767 420 2018 484; x_wconf 91' lang='lat' dir='ltr'>scateat</span> <span class='ocrx_word' id='word_1_19' title='bbox 2088 421 2298 506; x_wconf 88' lang='lat' dir='ltr'>igitur</span> 
     </span>
     <span class='ocr_line' id='line_1_4' title="bbox 259 502 2298 595; baseline 0.004 -28"><span class='ocrx_word' id='word_1_20' title='bbox 259 502 460 567; x_wconf 80' lang='lat' dir='ltr'>codex</span> <span class='ocrx_word' id='word_1_21' title='bbox 512 503 688 568; x_wconf 81' lang='lat' dir='ltr'>vitiis</span> <span class='ocrx_word' id='word_1_22' title='bbox 754 504 965 569; x_wconf 91' lang='lat' dir='ltr'>omnis</span> <span class='ocrx_word' id='word_1_23' title='bbox 1032 504 1313 589; x_wconf 88' lang='lat' dir='ltr'>generis,</span> <span class='ocrx_word' id='word_1_24' title='bbox 1377 508 1601 570; x_wconf 90' lang='lat' dir='ltr'>tamen</span> <span class='ocrx_word' id='word_1_25' title='bbox 1662 505 2084 573; x_wconf 84' lang='lat' dir='ltr'>inveniuntur</span> <span class='ocrx_word' id='word_1_26' title='bbox 2144 511 2298 595; x_wconf 87' lang='lat' dir='ltr'>loci,</span> 
     </span>
     <span class='ocr_line' id='line_1_5' title="bbox 259 591 2300 678; baseline 0.005 -22"><span class='ocrx_word' id='word_1_27' title='bbox 259 591 494 675; x_wconf 89' lang='lat' dir='ltr'>quibus</span> <span class='ocrx_word' id='word_1_28' title='bbox 543 592 717 658; x_wconf 92' lang='lat' dir='ltr'>solus</span> <span class='ocrx_word' id='word_1_29' title='bbox 774 614 921 658; x_wconf 91' lang='lat' dir='ltr'>cum</span> <span class='ocrx_word' id='word_1_30' title='bbox 969 603 1023 658; x_wconf 85' lang='lat' dir='ltr'>P</span> <span class='ocrx_word' id='word_1_31' title='bbox 1079 594 1425 678; x_wconf 79' lang='lat' dir='ltr'>conspiret.</span> <span class='ocrx_word' id='word_1_32' title='bbox 1521 592 1784 660; x_wconf 83' lang='lat' dir='ltr'><strong>Plenius</strong></span> <span class='ocrx_word' id='word_1_33' title='bbox 1839 595 1919 660; x_wconf 89' lang='lat' dir='ltr'>de</span> <span class='ocrx_word' id='word_1_34' title='bbox 1974 596 2097 663; x_wconf 90' lang='lat' dir='ltr'>hoc</span> <span class='ocrx_word' id='word_1_35' title='bbox 2151 600 2300 666; x_wconf 89' lang='lat' dir='ltr'>cod.</span> 
     </span>
     <span class='ocr_line' id='line_1_6' title="bbox 259 678 2289 773; baseline 0.005 -29"><span class='ocrx_word' id='word_1_36' title='bbox 259 678 619 763; x_wconf 84' lang='lat' dir='ltr'>disputavit</span> <span class='ocrx_word' id='word_1_37' title='bbox 661 680 846 746; x_wconf 88' lang='lat' dir='ltr'><strong>Aem.</strong></span> <span class='ocrx_word' id='word_1_38' title='bbox 892 680 1223 766; x_wconf 85' lang='lat' dir='ltr'>Grossius‚</span> <span class='ocrx_word' id='word_1_39' title='bbox 1276 703 1495 769; x_wconf 84' lang='lat' dir='ltr'><strong>progr.</strong></span> <span class='ocrx_word' id='word_1_40' title='bbox 1543 678 1705 749; x_wconf 78' lang='lat'><strong>0011.</strong></span> <span class='ocrx_word' id='word_1_41' title='bbox 1750 682 1990 750; x_wconf 85' lang='lat' dir='ltr'>Frider.</span> <span class='ocrx_word' id='word_1_42' title='bbox 2035 686 2289 773; x_wconf 80' lang='lat' dir='ltr'>Regim.</span> 
     </span>
     <span class='ocr_line' id='line_1_7' title="bbox 261 768 2289 863; baseline 0.004 -29"><span class='ocrx_word' id='word_1_43' title='bbox 261 768 459 849; x_wconf 88' lang='grc'><strong>1866,</strong></span> <span class='ocrx_word' id='word_1_44' title='bbox 523 771 633 854; x_wconf 89' lang='lat' dir='ltr'>qui</span> <span class='ocrx_word' id='word_1_45' title='bbox 693 792 838 837; x_wconf 89' lang='lat' dir='ltr'>cum</span> <span class='ocrx_word' id='word_1_46' title='bbox 899 774 967 836; x_wconf 88' lang='lat' dir='ltr'>et</span> <span class='ocrx_word' id='word_1_47' title='bbox 1024 772 1458 838; x_wconf 88' lang='lat' dir='ltr'>conlationem</span> <span class='ocrx_word' id='word_1_48' title='bbox 1514 771 1762 857; x_wconf 80' lang='lat' dir='ltr'>publici</span> <span class='ocrx_word' id='word_1_49' title='bbox 1819 773 1979 839; x_wconf 87' lang='lat' dir='ltr'>iuris</span> <span class='ocrx_word' id='word_1_50' title='bbox 2041 776 2289 863; x_wconf 87' lang='lat' dir='ltr'>fecerit,</span> 
     </span>
     <span class='ocr_line' id='line_1_8' title="bbox 257 859 2294 950; baseline 0.004 -27"><span class='ocrx_word' id='word_1_51' title='bbox 257 879 453 941; x_wconf 89' lang='lat' dir='ltr'>quam</span> <span class='ocrx_word' id='word_1_52' title='bbox 507 859 591 925; x_wconf 91' lang='lat' dir='ltr'>ab</span> <span class='ocrx_word' id='word_1_53' title='bbox 647 861 856 925; x_wconf 90' lang='lat' dir='ltr'>amico</span> <span class='ocrx_word' id='word_1_54' title='bbox 908 861 1153 925; x_wconf 87' lang='lat' dir='ltr'>factam</span> <span class='ocrx_word' id='word_1_55' title='bbox 1207 860 1526 926; x_wconf 89' lang='lat' dir='ltr'>Krausius</span> <span class='ocrx_word' id='word_1_56' title='bbox 1586 862 1646 926; x_wconf 91' lang='lat' dir='ltr'>ei</span> <span class='ocrx_word' id='word_1_57' title='bbox 1690 864 2168 950; x_wconf 75' lang='lat' dir='ltr'><strong>transmiserat,</strong></span> <span class='ocrx_word' id='word_1_58' title='bbox 2223 872 2294 933; x_wconf 92' lang='lat' dir='ltr'>et</span> 
     </span>
     <span class='ocr_line' id='line_1_9' title="bbox 255 947 2289 1034; baseline 0.005 -23"><span class='ocrx_word' id='word_1_59' title='bbox 255 947 565 1014; x_wconf 88' lang='lat' dir='ltr'>lectiones</span> <span class='ocrx_word' id='word_1_60' title='bbox 629 970 707 1013; x_wconf 86' lang='lat' dir='ltr'>ex</span> <span class='ocrx_word' id='word_1_61' title='bbox 760 960 793 1013; x_wconf 86' lang='lat' dir='ltr'>t</span> <span class='ocrx_word' id='word_1_62' title='bbox 855 950 1130 1034; x_wconf 90' lang='lat' dir='ltr'>aliisque</span> <span class='ocrx_word' id='word_1_63' title='bbox 1201 950 1383 1017; x_wconf 87' lang='lat' dir='ltr'>codd.</span> <span class='ocrx_word' id='word_1_64' title='bbox 1452 949 1686 1016; x_wconf 89' lang='lat' dir='ltr'>allatas</span> <span class='ocrx_word' id='word_1_65' title='bbox 1712 997 1717 1002; x_wconf 84' lang='lat'>·</span> <span class='ocrx_word' id='word_1_66' title='bbox 1744 949 1917 1017; x_wconf 89' lang='lat' dir='ltr'>inter</span> <span class='ocrx_word' id='word_1_67' title='bbox 1977 975 2046 1018; x_wconf 91' lang='lat' dir='ltr'><strong>se</strong></span> <span class='ocrx_word' id='word_1_68' title='bbox 2110 977 2289 1022; x_wconf 91' lang='lat' dir='ltr'>com-</span> 
     </span>
     <span class='ocr_line' id='line_1_10' title="bbox 255 1037 2292 1127; baseline 0.006 -28"><span class='ocrx_word' id='word_1_69' title='bbox 255 1039 607 1122; x_wconf 84' lang='lat' dir='ltr'>paraverit,</span> <span class='ocrx_word' id='word_1_70' title='bbox 652 1037 839 1104; x_wconf 81' lang='lat' dir='ltr'>valde</span> <span class='ocrx_word' id='word_1_71' title='bbox 877 1037 1226 1105; x_wconf 90' lang='lat' dir='ltr'>dolendum</span> <span class='ocrx_word' id='word_1_72' title='bbox 1256 1043 1381 1123; x_wconf 87' lang='lat' dir='ltr'>est,</span> <span class='ocrx_word' id='word_1_73' title='bbox 1427 1039 1598 1124; x_wconf 91' lang='lat' dir='ltr'>quod</span> <span class='ocrx_word' id='word_1_74' title='bbox 1642 1041 1715 1104; x_wconf 95' lang='lat' dir='ltr'>in</span> <span class='ocrx_word' id='word_1_75' title='bbox 1743 1040 1948 1106; x_wconf 90' lang='lat' dir='ltr'>altera</span> <span class='ocrx_word' id='word_1_76' title='bbox 1992 1046 2292 1127; x_wconf 77' lang='lat' dir='ltr'>opusculi</span> 
     </span>
     <span class='ocr_line' id='line_1_11' title="bbox 254 1123 2290 1214; baseline 0.005 -25"><span class='ocrx_word' id='word_1_77' title='bbox 254 1129 439 1210; x_wconf 89' lang='lat' dir='ltr'>parte</span> <span class='ocrx_word' id='word_1_78' title='bbox 486 1123 579 1211; x_wconf 91' lang='lat' dir='ltr'>(p.</span> <span class='ocrx_word' id='word_1_79' title='bbox 620 1128 702 1192; x_wconf 83' lang='lat'>12</span> <span class='ocrx_word' id='word_1_80' title='bbox 742 1126 909 1213; x_wconf 89' lang='lat' dir='ltr'><strong>sqq.)</strong></span> <span class='ocrx_word' id='word_1_81' title='bbox 954 1128 1145 1212; x_wconf 88' lang='lat' dir='ltr'>plura</span> <span class='ocrx_word' id='word_1_82' title='bbox 1191 1150 1386 1214; x_wconf 91' lang='lat' dir='ltr'>quam</span> <span class='ocrx_word' id='word_1_83' title='bbox 1432 1150 1554 1213; x_wconf 90' lang='lat' dir='ltr'>par</span> <span class='ocrx_word' id='word_1_84' title='bbox 1599 1132 1700 1194; x_wconf 90' lang='lat' dir='ltr'>est</span> <span class='ocrx_word' id='word_1_85' title='bbox 1744 1129 1907 1195; x_wconf 87' lang='lat' dir='ltr'>vitia</span> <span class='ocrx_word' id='word_1_86' title='bbox 1952 1132 2290 1200; x_wconf 83' lang='lat' dir='ltr'>inveniun-</span> 
     </span>
     <span class='ocr_line' id='line_1_12' title="bbox 240 1215 2287 1307; baseline 0.005 -28"><span class='ocrx_word' id='word_1_87' title='bbox 240 1218 379 1279; x_wconf 74' lang='lat' dir='ltr'>tur.</span> <span class='ocrx_word' id='word_1_88' title='bbox 466 1215 732 1282; x_wconf 90' lang='lat' dir='ltr'>Arctius</span> <span class='ocrx_word' id='word_1_89' title='bbox 776 1227 809 1280; x_wconf 86' lang='lat' dir='ltr'>t</span> <span class='ocrx_word' id='word_1_90' title='bbox 854 1218 1233 1283; x_wconf 89' lang='lat' dir='ltr'>coniunctus</span> <span class='ocrx_word' id='word_1_91' title='bbox 1282 1238 1424 1283; x_wconf 88' lang='lat' dir='ltr'><strong>esse</strong></span> <span class='ocrx_word' id='word_1_92' title='bbox 1468 1216 1725 1282; x_wconf 82' lang='lat' dir='ltr'>videtur</span> <span class='ocrx_word' id='word_1_93' title='bbox 1767 1239 1915 1285; x_wconf 92' lang='lat' dir='ltr'>cum</span> <span class='ocrx_word' id='word_1_94' title='bbox 1959 1243 2033 1307; x_wconf 86' lang='lat' dir='ltr'>p,</span> <span class='ocrx_word' id='word_1_95' title='bbox 2093 1244 2287 1307; x_wconf 88' lang='lat' dir='ltr'>quem</span> 
     </span>
     <span class='ocr_line' id='line_1_13' title="bbox 253 1304 2288 1378; baseline 0.005 -10"><span class='ocrx_word' id='word_1_96' title='bbox 253 1304 539 1370; x_wconf 85' lang='lat' dir='ltr'>codicem</span> <span class='ocrx_word' id='word_1_97' title='bbox 601 1327 735 1371; x_wconf 93' lang='lat' dir='ltr'>una</span> <span class='ocrx_word' id='word_1_98' title='bbox 798 1327 944 1371; x_wconf 91' lang='lat' dir='ltr'>cum</span> <span class='ocrx_word' id='word_1_99' title='bbox 1002 1316 1057 1372; x_wconf 84' lang='lat' dir='ltr'>P</span> <span class='ocrx_word' id='word_1_100' title='bbox 1112 1305 1395 1372; x_wconf 88' lang='lat' dir='ltr'>Amarus</span> <span class='ocrx_word' id='word_1_101' title='bbox 1461 1309 1527 1371; x_wconf 90' lang='lat' dir='ltr'>et</span> <span class='ocrx_word' id='word_1_102' title='bbox 1578 1305 1937 1373; x_wconf 88' lang='lat' dir='ltr'>Lemairius</span> <span class='ocrx_word' id='word_1_103' title='bbox 2005 1309 2288 1378; x_wconf 91' lang='lat' dir='ltr'>editores</span> 
     </span>
     <span class='ocr_line' id='line_1_14' title="bbox 252 1391 2290 1486; baseline 0.004 -29"><span class='ocrx_word' id='word_1_104' title='bbox 252 1391 531 1459; x_wconf 90' lang='lat' dir='ltr'>Parisini</span> <span class='ocrx_word' id='word_1_105' title='bbox 588 1395 1028 1461; x_wconf 88' lang='lat' dir='ltr'>contulerunt:</span> <span class='ocrx_word' id='word_1_106' title='bbox 1084 1417 1437 1480; x_wconf 89' lang='lat' dir='ltr'>quamqum</span> <span class='ocrx_word' id='word_1_107' title='bbox 1492 1395 1759 1461; x_wconf 91' lang='lat' dir='ltr'>dubium</span> <span class='ocrx_word' id='word_1_108' title='bbox 1804 1396 1968 1462; x_wconf 92' lang='lat' dir='ltr'>mihi</span> <span class='ocrx_word' id='word_1_109' title='bbox 2012 1398 2290 1486; x_wconf 82' lang='lat' dir='ltr'>videtur,</span> 
     </span>
     <span class='ocr_line' id='line_1_15' title="bbox 254 1484 2289 1556; baseline 0.005 -10"><span class='ocrx_word' id='word_1_110' title='bbox 254 1504 473 1548; x_wconf 87' lang='lat' dir='ltr'>annon</span> <span class='ocrx_word' id='word_1_111' title='bbox 540 1488 836 1550; x_wconf 90' lang='lat' dir='ltr'>accurate</span> <span class='ocrx_word' id='word_1_112' title='bbox 889 1484 1176 1551; x_wconf 88' lang='lat' dir='ltr'>fecerint.</span> <span class='ocrx_word' id='word_1_113' title='bbox 1264 1485 1391 1551; x_wconf 83' lang='lat' dir='ltr'>Est</span> <span class='ocrx_word' id='word_1_114' title='bbox 1446 1485 1599 1552; x_wconf 90' lang='lat' dir='ltr'>cod.</span> <span class='ocrx_word' id='word_1_115' title='bbox 1646 1484 2051 1554; x_wconf 83' lang='lat' dir='ltr'><strong>Parisinus</strong></span> <span class='ocrx_word' id='word_1_116' title='bbox 2106 1490 2289 1556; x_wconf 83' lang='lat'>8052</span> 
     </span>
     <span class='ocr_line' id='line_1_16' title="bbox 251 1568 2287 1658; baseline 0.004 -23"><span class='ocrx_word' id='word_1_117' title='bbox 251 1572 607 1640; x_wconf 84' lang='lat' dir='ltr'><strong>membran.</strong></span> <span class='ocrx_word' id='word_1_118' title='bbox 647 1595 812 1641; x_wconf 88' lang='lat' dir='ltr'>saec.</span> <span class='ocrx_word' id='word_1_119' title='bbox 849 1573 1229 1658; x_wconf 88' lang='lat' dir='ltr'>duodecimi,</span> <span class='ocrx_word' id='word_1_120' title='bbox 1275 1574 1412 1639; x_wconf 88' lang='lat' dir='ltr'>foll.</span> <span class='ocrx_word' id='word_1_121' title='bbox 1450 1574 1536 1640; x_wconf 80' lang='lat'>58</span> <span class='ocrx_word' id='word_1_122' title='bbox 1583 1568 1917 1640; x_wconf 75' lang='lat' dir='ltr'>Thebaida</span> <span class='ocrx_word' id='word_1_123' title='bbox 1956 1581 2023 1642; x_wconf 91' lang='lat' dir='ltr'>et</span> <span class='ocrx_word' id='word_1_124' title='bbox 2065 1576 2287 1644; x_wconf 89' lang='lat' dir='ltr'>Achil·</span> 
     </span>
     <span class='ocr_line' id='line_1_17' title="bbox 251 1660 2287 1747; baseline 0.005 -22"><span class='ocrx_word' id='word_1_125' title='bbox 251 1660 424 1725; x_wconf 91' lang='lat' dir='ltr'>leida</span> <span class='ocrx_word' id='word_1_126' title='bbox 469 1662 1047 1746; x_wconf 79' lang='lat' dir='ltr'>comprehendenS,</span> <span class='ocrx_word' id='word_1_127' title='bbox 1094 1663 1204 1747; x_wconf 89' lang='lat' dir='ltr'>qui</span> <span class='ocrx_word' id='word_1_128' title='bbox 1251 1684 1398 1728; x_wconf 90' lang='lat' dir='ltr'>cum</span> <span class='ocrx_word' id='word_1_129' title='bbox 1441 1676 1473 1729; x_wconf 85' lang='lat' dir='ltr'>t</span> <span class='ocrx_word' id='word_1_130' title='bbox 1520 1666 1586 1729; x_wconf 91' lang='lat' dir='ltr'>et</span> <span class='ocrx_word' id='word_1_131' title='bbox 1630 1662 1837 1729; x_wconf 91' lang='lat' dir='ltr'>tribus</span> <span class='ocrx_word' id='word_1_132' title='bbox 1882 1664 2069 1731; x_wconf 92' lang='lat' dir='ltr'>libris</span> <span class='ocrx_word' id='word_1_133' title='bbox 2096 1666 2287 1735; x_wconf 80' lang='lat' dir='ltr'><strong>MSS.</strong></span> 
     </span>
     <span class='ocr_line' id='line_1_18' title="bbox 251 1750 2286 1838; baseline 0.004 -23"><span class='ocrx_word' id='word_1_134' title='bbox 251 1750 321 1814; x_wconf 92' lang='lat' dir='ltr'>in</span> <span class='ocrx_word' id='word_1_135' title='bbox 371 1750 773 1817; x_wconf 74' lang='lat' dir='ltr'>bibliotheca</span> <span class='ocrx_word' id='word_1_136' title='bbox 819 1750 1334 1837; x_wconf 86' lang='lat' dir='ltr'>Guelferbytana</span> <span class='ocrx_word' id='word_1_137' title='bbox 1379 1753 1726 1819; x_wconf 72' lang='lat' dir='ltr'><strong>asservatis</strong></span> <span class='ocrx_word' id='word_1_138' title='bbox 1773 1775 2144 1838; x_wconf 86' lang='lat' dir='ltr'><strong>expressam</strong></span> <span class='ocrx_word' id='word_1_139' title='bbox 2191 1758 2286 1823; x_wconf 92' lang='lat' dir='ltr'>al-</span> 
     </span>
     <span class='ocr_line' id='line_1_19' title="bbox 251 1839 2289 1926; baseline 0.005 -23"><span class='ocrx_word' id='word_1_140' title='bbox 251 1840 455 1905; x_wconf 91' lang='lat' dir='ltr'>terius</span> <span class='ocrx_word' id='word_1_141' title='bbox 501 1841 758 1926; x_wconf 88' lang='lat' dir='ltr'>generis</span> <span class='ocrx_word' id='word_1_142' title='bbox 807 1841 1093 1926; x_wconf 80' lang='lat' dir='ltr'>effigiem</span> <span class='ocrx_word' id='word_1_143' title='bbox 1137 1842 1422 1926; x_wconf 86' lang='lat' dir='ltr'>praebet.</span> <span class='ocrx_word' id='word_1_144' title='bbox 1503 1839 1873 1926; x_wconf 90' lang='lat' dir='ltr'>Principem</span> <span class='ocrx_word' id='word_1_145' title='bbox 1918 1843 2092 1910; x_wconf 91' lang='lat' dir='ltr'>inter</span> <span class='ocrx_word' id='word_1_146' title='bbox 2135 1847 2289 1913; x_wconf 91' lang='lat' dir='ltr'>illos</span> 
     </span>
     <span class='ocr_line' id='line_1_20' title="bbox 248 1928 2289 2019; baseline 0.005 -27"><span class='ocrx_word' id='word_1_147' title='bbox 248 1928 465 1994; x_wconf 90' lang='lat' dir='ltr'>locum</span> <span class='ocrx_word' id='word_1_148' title='bbox 520 1930 770 1995; x_wconf 89' lang='lat' dir='ltr'>obtinet</span> <span class='ocrx_word' id='word_1_149' title='bbox 823 1929 1231 1996; x_wconf 81' lang='lat' dir='ltr'>Gudianus</span> <span class='ocrx_word' id='word_1_150' title='bbox 1286 1930 1403 2015; x_wconf 80' lang='lat'>52,</span> <span class='ocrx_word' id='word_1_151' title='bbox 1447 1930 1801 1996; x_wconf 90' lang='lat' dir='ltr'><strong>membran.</strong></span> <span class='ocrx_word' id='word_1_152' title='bbox 1858 1954 2022 2000; x_wconf 89' lang='lat' dir='ltr'>saec.</span> <span class='ocrx_word' id='word_1_153' title='bbox 2068 1938 2289 2019; x_wconf 83' lang='lat' dir='ltr'>quarti</span> 
     </span>
     <span class='ocr_line' id='line_1_21' title="bbox 251 2017 2287 2108; baseline 0.004 -26"><span class='ocrx_word' id='word_1_154' title='bbox 251 2017 512 2104; x_wconf 84' lang='lat' dir='ltr'>decimi,</span> <span class='ocrx_word' id='word_1_155' title='bbox 557 2018 891 2085; x_wconf 87' lang='lat' dir='ltr'>Thebaida</span> <span class='ocrx_word' id='word_1_156' title='bbox 936 2022 1002 2084; x_wconf 90' lang='lat' dir='ltr'>et</span> <span class='ocrx_word' id='word_1_157' title='bbox 1045 2018 1409 2085; x_wconf 90' lang='lat' dir='ltr'>Achilleida</span> <span class='ocrx_word' id='word_1_158' title='bbox 1454 2041 1600 2085; x_wconf 92' lang='lat' dir='ltr'>cum</span> <span class='ocrx_word' id='word_1_159' title='bbox 1648 2019 1909 2086; x_wconf 89' lang='lat' dir='ltr'>scholiis</span> <span class='ocrx_word' id='word_1_160' title='bbox 1955 2024 2287 2108; x_wconf 86' lang='lat' dir='ltr'>margina—</span> 
     </span>
     <span class='ocr_line' id='line_1_22' title="bbox 249 2107 2285 2195; baseline 0.004 -24"><span class='ocrx_word' id='word_1_161' title='bbox 249 2107 421 2172; x_wconf 86' lang='lat' dir='ltr'>libus</span> <span class='ocrx_word' id='word_1_162' title='bbox 459 2108 921 2195; x_wconf 81' lang='lat' dir='ltr'>complectens3</span> <span class='ocrx_word' id='word_1_163' title='bbox 965 2108 1334 2174; x_wconf 85' lang='lat' dir='ltr'>conlatione</span> <span class='ocrx_word' id='word_1_164' title='bbox 1370 2130 1529 2174; x_wconf 91' lang='lat' dir='ltr'>usus</span> <span class='ocrx_word' id='word_1_165' title='bbox 1566 2131 1712 2175; x_wconf 89' lang='lat' dir='ltr'>sum</span> <span class='ocrx_word' id='word_1_166' title='bbox 1747 2130 1787 2188; x_wconf 87' lang='lat' dir='ltr'>a</span> <span class='ocrx_word' id='word_1_167' title='bbox 1812 2108 1882 2175; x_wconf 80' lang='lat' dir='ltr'>F.</span> <span class='ocrx_word' id='word_1_168' title='bbox 1909 2109 1991 2178; x_wconf 90' lang='lat' dir='ltr'>A.</span> <span class='ocrx_word' id='word_1_169' title='bbox 2017 2110 2285 2180; x_wconf 89' lang='lat' dir='ltr'>Menkio</span> 
     </span>
     <span class='ocr_line' id='line_1_23' title="bbox 248 2195 2285 2285; baseline 0.004 -26"><span class='ocrx_word' id='word_1_170' title='bbox 248 2195 441 2262; x_wconf 86' lang='lat' dir='ltr'>facta.</span> <span class='ocrx_word' id='word_1_171' title='bbox 512 2196 605 2263; x_wconf 91' lang='lat' dir='ltr'>Ut</span> <span class='ocrx_word' id='word_1_172' title='bbox 648 2197 781 2274; x_wconf 87' lang='lat' dir='ltr'>iam</span> <span class='ocrx_word' id='word_1_173' title='bbox 824 2197 895 2263; x_wconf 93' lang='lat' dir='ltr'>in</span> <span class='ocrx_word' id='word_1_174' title='bbox 923 2206 986 2262; x_wconf 77' lang='lat' dir='ltr'>G</span> <span class='ocrx_word' id='word_1_175' title='bbox 1012 2197 1313 2282; x_wconf 89' lang='lat' dir='ltr'>plurimis</span> <span class='ocrx_word' id='word_1_176' title='bbox 1357 2198 1518 2265; x_wconf 87' lang='lat' dir='ltr'>locis</span> <span class='ocrx_word' id='word_1_177' title='bbox 1563 2198 1876 2264; x_wconf 90' lang='lat' dir='ltr'>lectiones</span> <span class='ocrx_word' id='word_1_178' title='bbox 1915 2199 2285 2285; x_wconf 85' lang='lat' dir='ltr'>singulares</span> 
     </span>
     <span class='ocr_line' id='line_1_24' title="bbox 246 2286 2285 2372; baseline 0.003 -22"><span class='ocrx_word' id='word_1_179' title='bbox 246 2289 507 2351; x_wconf 87' lang='lat' dir='ltr'>exstant</span> <span class='ocrx_word' id='word_1_180' title='bbox 571 2308 736 2372; x_wconf 89' lang='lat' dir='ltr'>quae</span> <span class='ocrx_word' id='word_1_181' title='bbox 802 2308 880 2352; x_wconf 88' lang='lat' dir='ltr'>ex</span> <span class='ocrx_word' id='word_1_182' title='bbox 943 2287 1117 2352; x_wconf 88' lang='lat' dir='ltr'>docti</span> <span class='ocrx_word' id='word_1_183' title='bbox 1172 2286 1503 2353; x_wconf 89' lang='lat' dir='ltr'>cuiusdam</span> <span class='ocrx_word' id='word_1_184' title='bbox 1576 2288 1961 2353; x_wconf 90' lang='lat' dir='ltr'>coniecturis</span> <span class='ocrx_word' id='word_1_185' title='bbox 2015 2289 2285 2357; x_wconf 84' lang='lat' dir='ltr'>fluxisse</span> 
     </span>
     <span class='ocr_line' id='line_1_25' title="bbox 244 2373 2285 2462; baseline 0.003 -23"><span class='ocrx_word' id='word_1_186' title='bbox 244 2374 561 2460; x_wconf 88' lang='lat' dir='ltr'>videntur,</span> <span class='ocrx_word' id='word_1_187' title='bbox 604 2376 703 2442; x_wconf 90' lang='lat' dir='ltr'>ita</span> <span class='ocrx_word' id='word_1_188' title='bbox 737 2376 944 2441; x_wconf 90' lang='lat' dir='ltr'>multo</span> <span class='ocrx_word' id='word_1_189' title='bbox 993 2375 1202 2461; x_wconf 86' lang='lat' dir='ltr'>magis</span> <span class='ocrx_word' id='word_1_190' title='bbox 1246 2375 1677 2462; x_wconf 90' lang='lat' dir='ltr'>interpolatus</span> <span class='ocrx_word' id='word_1_191' title='bbox 1715 2379 1782 2441; x_wconf 90' lang='lat' dir='ltr'>et</span> <span class='ocrx_word' id='word_1_192' title='bbox 1814 2373 2001 2460; x_wconf 83' lang='lat' dir='ltr'>parvi</span> <span class='ocrx_word' id='word_1_193' title='bbox 2036 2378 2285 2445; x_wconf 90' lang='lat' dir='ltr'>haben-</span> 
     </span>
     <span class='ocr_line' id='line_1_26' title="bbox 246 2462 2282 2552; baseline 0.003 -24"><span class='ocrx_word' id='word_1_194' title='bbox 246 2462 366 2530; x_wconf 91' lang='lat' dir='ltr'>dus</span> <span class='ocrx_word' id='word_1_195' title='bbox 413 2467 513 2529; x_wconf 92' lang='lat' dir='ltr'>est</span> <span class='ocrx_word' id='word_1_196' title='bbox 558 2464 714 2532; x_wconf 88' lang='lat' dir='ltr'>cod.</span> <span class='ocrx_word' id='word_1_197' title='bbox 761 2463 1423 2530; x_wconf 91' lang='lat' dir='ltr'>Helmstadiensis</span> <span class='ocrx_word' id='word_1_198' title='bbox 1471 2465 1659 2531; x_wconf 64' lang='lat'><strong>3191&gt;</strong></span> <span class='ocrx_word' id='word_1_199' title='bbox 1706 2466 2012 2552; x_wconf 64' lang='lat' dir='ltr'>chartac„</span> <span class='ocrx_word' id='word_1_200' title='bbox 2058 2489 2282 2535; x_wconf 85' lang='lat' dir='ltr'>exara-</span> 
     </span>
     <span class='ocr_line' id='line_1_27' title="bbox 243 2552 2282 2642; baseline 0.003 -24"><span class='ocrx_word' id='word_1_201' title='bbox 243 2557 351 2618; x_wconf 90' lang='lat' dir='ltr'>tus</span> <span class='ocrx_word' id='word_1_202' title='bbox 407 2555 478 2619; x_wconf 92' lang='lat' dir='ltr'>in</span> <span class='ocrx_word' id='word_1_203' title='bbox 524 2552 890 2619; x_wconf 83' lang='lat' dir='ltr'>Germania.</span> <span class='ocrx_word' id='word_1_204' title='bbox 918 2553 1021 2619; x_wconf 91' lang='lat' dir='ltr'>die</span> <span class='ocrx_word' id='word_1_205' title='bbox 1066 2554 1445 2620; x_wconf 88' lang='lat' dir='ltr'>duodecimo</span> <span class='ocrx_word' id='word_1_206' title='bbox 1493 2552 1669 2638; x_wconf 80' lang='lat' dir='ltr'>Sept.</span> <span class='ocrx_word' id='word_1_207' title='bbox 1718 2576 1774 2621; x_wconf 92' lang='lat' dir='ltr'>a.</span> <span class='ocrx_word' id='word_1_208' title='bbox 1825 2554 2025 2635; x_wconf 82' lang='lat'>1454,</span> <span class='ocrx_word' id='word_1_209' title='bbox 2084 2579 2282 2642; x_wconf 91' lang='lat' dir='ltr'>quem</span> 
     </span>
     <span class='ocr_line' id='line_1_28' title="bbox 243 2640 2283 2726; baseline 0.004 -20"><span class='ocrx_word' id='word_1_210' title='bbox 243 2645 311 2706; x_wconf 91' lang='lat' dir='ltr'>et</span> <span class='ocrx_word' id='word_1_211' title='bbox 353 2643 569 2726; x_wconf 91' lang='lat' dir='ltr'>ipsum</span> <span class='ocrx_word' id='word_1_212' title='bbox 625 2644 903 2708; x_wconf 86' lang='lat' dir='ltr'>contth</span> <span class='ocrx_word' id='word_1_213' title='bbox 952 2642 1273 2712; x_wconf 87' lang='lat' dir='ltr'>Menkius.</span> <span class='ocrx_word' id='word_1_214' title='bbox 1376 2640 1810 2709; x_wconf 84' lang='lat' dir='ltr'>Continentur</span> <span class='ocrx_word' id='word_1_215' title='bbox 1863 2643 2144 2712; x_wconf 87' lang='lat' dir='ltr'>Thebais</span> <span class='ocrx_word' id='word_1_216' title='bbox 2210 2653 2283 2714; x_wconf 89' lang='lat' dir='ltr'>et</span> 
     </span>
     <span class='ocr_line' id='line_1_29' title="bbox 241 2729 2282 2818; baseline 0.002 -22"><span class='ocrx_word' id='word_1_217' title='bbox 241 2731 556 2797; x_wconf 90' lang='lat' dir='ltr'>Achilleis</span> <span class='ocrx_word' id='word_1_218' title='bbox 603 2753 749 2797; x_wconf 90' lang='lat' dir='ltr'>cum</span> <span class='ocrx_word' id='word_1_219' title='bbox 793 2729 1065 2799; x_wconf 87' lang='lat' dir='ltr'>Collutii</span> <span class='ocrx_word' id='word_1_220' title='bbox 1121 2731 1199 2798; x_wconf 91' lang='lat' dir='ltr'>de</span> <span class='ocrx_word' id='word_1_221' title='bbox 1246 2731 1579 2818; x_wconf 84' lang='lat' dir='ltr'>Stagnano</span> <span class='ocrx_word' id='word_1_222' title='bbox 1637 2733 1919 2818; x_wconf 88' lang='lat' dir='ltr'>epitome</span> <span class='ocrx_word' id='word_1_223' title='bbox 1964 2732 2282 2801; x_wconf 82' lang='lat' dir='ltr'>Achillei·</span> 
     </span>
     <span class='ocr_line' id='line_1_30' title="bbox 244 2818 2281 2908; baseline 0.001 -21"><span class='ocrx_word' id='word_1_224' title='bbox 244 2821 380 2887; x_wconf 89' lang='lat' dir='ltr'>dos.</span> <span class='ocrx_word' id='word_1_225' title='bbox 444 2818 719 2886; x_wconf 89' lang='lat' dir='ltr'>Minoris</span> <span class='ocrx_word' id='word_1_226' title='bbox 766 2822 963 2886; x_wconf 90' lang='lat' dir='ltr'>etiam</span> <span class='ocrx_word' id='word_1_227' title='bbox 1009 2822 1174 2887; x_wconf 92' lang='lat' dir='ltr'>aesti</span> <span class='ocrx_word' id='word_1_228' title='bbox 1219 2822 1490 2887; x_wconf 90' lang='lat' dir='ltr'>mandus</span> <span class='ocrx_word' id='word_1_229' title='bbox 1539 2824 1640 2887; x_wconf 90' lang='lat' dir='ltr'>est</span> <span class='ocrx_word' id='word_1_230' title='bbox 1683 2822 1915 2907; x_wconf 88' lang='lat' dir='ltr'>codex,</span> <span class='ocrx_word' id='word_1_231' title='bbox 1960 2823 2072 2908; x_wconf 89' lang='lat' dir='ltr'>qui</span> <span class='ocrx_word' id='word_1_232' title='bbox 2117 2825 2281 2892; x_wconf 90' lang='lat' dir='ltr'>olim</span> 
     </span>
     <span class='ocr_line' id='line_1_31' title="bbox 241 2909 2282 2995; baseline 0.003 -20"><span class='ocrx_word' id='word_1_233' title='bbox 241 2909 797 2975; x_wconf 91' lang='lat' dir='ltr'>Dommerichii</span> <span class='ocrx_word' id='word_1_234' title='bbox 822 2909 976 2995; x_wconf 87' lang='lat' dir='ltr'>fuit,</span> <span class='ocrx_word' id='word_1_235' title='bbox 1012 2909 1207 2977; x_wconf 88' lang='lat' dir='ltr'>hodie</span> <span class='ocrx_word' id='word_1_236' title='bbox 1235 2909 1637 2976; x_wconf 81' lang='lat' dir='ltr'>Gudianus</span> <span class='ocrx_word' id='word_1_237' title='bbox 1665 2911 1815 2977; x_wconf 79' lang='lat'><strong>292.</strong></span> <span class='ocrx_word' id='word_1_238' title='bbox 1845 2911 1888 2975; x_wconf 79' lang='lat'><strong><em>2</em></strong></span> <span class='ocrx_word' id='word_1_239' title='bbox 1916 2913 2282 2983; x_wconf 91' lang='lat' dir='ltr'>membran.</span> 
     </span>
     <span class='ocr_line' id='line_1_32' title="bbox 242 2997 2279 3083; baseline 0.002 -19"><span class='ocrx_word' id='word_1_240' title='bbox 242 3020 406 3065; x_wconf 89' lang='lat' dir='ltr'>saec.</span> <span class='ocrx_word' id='word_1_241' title='bbox 428 2998 648 3083; x_wconf 90' lang='lat' dir='ltr'>quarti</span> <span class='ocrx_word' id='word_1_242' title='bbox 676 2997 924 3081; x_wconf 86' lang='lat' dir='ltr'>decimi,</span> <span class='ocrx_word' id='word_1_243' title='bbox 952 2999 1163 3065; x_wconf 91' lang='lat' dir='ltr'>solam</span> <span class='ocrx_word' id='word_1_244' title='bbox 1180 2998 1546 3066; x_wconf 86' lang='lat' dir='ltr'>Achilleida</span> <span class='ocrx_word' id='word_1_245' title='bbox 1573 3022 1720 3065; x_wconf 90' lang='lat' dir='ltr'>cum</span> <span class='ocrx_word' id='word_1_246' title='bbox 1746 3000 2008 3067; x_wconf 85' lang='lat' dir='ltr'>scholiis</span> <span class='ocrx_word' id='word_1_247' title='bbox 2028 3002 2279 3069; x_wconf 91' lang='lat' dir='ltr'>nullius</span> 
     </span>
     <span class='ocr_line' id='line_1_33' title="bbox 239 3086 2281 3174; baseline 0.002 -21"><span class='ocrx_word' id='word_1_248' title='bbox 239 3088 433 3173; x_wconf 85' lang='lat' dir='ltr'>pretii</span> <span class='ocrx_word' id='word_1_249' title='bbox 461 3086 823 3155; x_wconf 89' lang='lat' dir='ltr'>continens.</span> <span class='ocrx_word' id='word_1_250' title='bbox 896 3089 982 3174; x_wconf 90' lang='lat' dir='ltr'>Is,</span> <span class='ocrx_word' id='word_1_251' title='bbox 1010 3090 1190 3156; x_wconf 91' lang='lat' dir='ltr'>cuius</span> <span class='ocrx_word' id='word_1_252' title='bbox 1220 3086 1386 3153; x_wconf 91' lang='lat' dir='ltr'>liber</span> <span class='ocrx_word' id='word_1_253' title='bbox 1414 3088 1571 3155; x_wconf 89' lang='lat' dir='ltr'>olim</span> <span class='ocrx_word' id='word_1_254' title='bbox 1598 3088 1742 3173; x_wconf 84' lang='lat' dir='ltr'>fuit,</span> <span class='ocrx_word' id='word_1_255' title='bbox 1769 3092 1985 3156; x_wconf 86' lang='lat' dir='ltr'>rector</span> <span class='ocrx_word' id='word_1_256' title='bbox 2013 3090 2281 3158; x_wconf 89' lang='lat' dir='ltr'>scholae</span> 
     </span>
     <span class='ocr_line' id='line_1_34' title="bbox 237 3175 2281 3263; baseline 0.002 -21"><span class='ocrx_word' id='word_1_257' title='bbox 237 3176 891 3244; x_wconf 86' lang='lat' dir='ltr'>Wolfenbuttelensis</span> <span class='ocrx_word' id='word_1_258' title='bbox 938 3179 1008 3244; x_wconf 91' lang='lat' dir='ltr'>in</span> <span class='ocrx_word' id='word_1_259' title='bbox 1050 3175 1363 3263; x_wconf 79' lang='lat' dir='ltr'>peculiari</span> <span class='ocrx_word' id='word_1_260' title='bbox 1407 3178 1625 3243; x_wconf 90' lang='lat' dir='ltr'>libello</span> <span class='ocrx_word' id='word_1_261' title='bbox 1660 3177 1830 3244; x_wconf 82' lang='lat'>1758</span> <span class='ocrx_word' id='word_1_262' title='bbox 1880 3177 1958 3243; x_wconf 91' lang='lat' dir='ltr'>de</span> <span class='ocrx_word' id='word_1_263' title='bbox 1995 3201 2072 3245; x_wconf 93' lang='lat' dir='ltr'>eo</span> <span class='ocrx_word' id='word_1_264' title='bbox 2098 3184 2281 3246; x_wconf 90' lang='lat' dir='ltr'>retu-</span> 
     </span>
     <span class='ocr_line' id='line_1_35' title="bbox 235 3265 2279 3353; baseline 0.003 -21"><span class='ocrx_word' id='word_1_265' title='bbox 235 3266 333 3333; x_wconf 88' lang='lat' dir='ltr'>lit.</span> <span class='ocrx_word' id='word_1_266' title='bbox 388 3265 662 3353; x_wconf 89' lang='lat' dir='ltr'>Desunt,</span> <span class='ocrx_word' id='word_1_267' title='bbox 700 3289 846 3333; x_wconf 89' lang='lat' dir='ltr'>cum</span> <span class='ocrx_word' id='word_1_268' title='bbox 882 3268 1011 3333; x_wconf 89' lang='lat' dir='ltr'>tria</span> <span class='ocrx_word' id='word_1_269' title='bbox 1046 3266 1407 3352; x_wconf 85' lang='lat' dir='ltr'>exciderint</span> <span class='ocrx_word' id='word_1_270' title='bbox 1441 3265 1621 3353; x_wconf 88' lang='lat' dir='ltr'>folia,</span> <span class='ocrx_word' id='word_1_271' title='bbox 1664 3288 1888 3333; x_wconf 84' lang='lat' dir='ltr'>versus</span> <span class='ocrx_word' id='word_1_272' title='bbox 1926 3266 1960 3331; x_wconf 95' lang='lat' dir='ltr'>I</span> <span class='ocrx_word' id='word_1_273' title='bbox 1987 3268 2279 3340; x_wconf 82' lang='lat'><strong>33—90.</strong></span> 
     </span>
     <span class='ocr_line' id='line_1_36' title="bbox 238 3353 2277 3440; baseline 0 -18"><span class='ocrx_word' id='word_1_274' title='bbox 238 3355 366 3422; x_wconf 86' lang='lat'>537</span> <span class='ocrx_word' id='word_1_275' title='bbox 377 3392 436 3403; x_wconf 93' lang='lat'>—</span> <span class='ocrx_word' id='word_1_276' title='bbox 462 3356 610 3422; x_wconf 83' lang='grc'><strong>557.</strong></span> <span class='ocrx_word' id='word_1_277' title='bbox 656 3355 721 3422; x_wconf 94' lang='lat' dir='ltr'>II</span> <span class='ocrx_word' id='word_1_278' title='bbox 765 3356 1049 3422; x_wconf 85' lang='lat'><strong>49—69.</strong></span> <span class='ocrx_word' id='word_1_279' title='bbox 1140 3353 1219 3420; x_wconf 93' lang='lat' dir='ltr'>In</span> <span class='ocrx_word' id='word_1_280' title='bbox 1266 3355 1455 3421; x_wconf 91' lang='lat' dir='ltr'>libris</span> <span class='ocrx_word' id='word_1_281' title='bbox 1501 3356 1801 3440; x_wconf 90' lang='lat' dir='ltr'>pessimis</span> <span class='ocrx_word' id='word_1_282' title='bbox 1855 3366 1914 3422; x_wconf 89' lang='lat' dir='ltr'>D</span> <span class='ocrx_word' id='word_1_283' title='bbox 1970 3377 2109 3422; x_wconf 89' lang='lat' dir='ltr'>esse</span> <span class='ocrx_word' id='word_1_284' title='bbox 2153 3358 2277 3423; x_wconf 90' lang='lat' dir='ltr'>ha-</span> 
     </span>
     <span class='ocr_line' id='line_1_37' title="bbox 239 3444 2279 3514; baseline 0.002 -5"><span class='ocrx_word' id='word_1_285' title='bbox 239 3444 524 3511; x_wconf 88' lang='lat' dir='ltr'>bendum</span> <span class='ocrx_word' id='word_1_286' title='bbox 570 3467 715 3511; x_wconf 89' lang='lat' dir='ltr'>cum</span> <span class='ocrx_word' id='word_1_287' title='bbox 753 3466 830 3510; x_wconf 85' lang='lat' dir='ltr'>ex</span> <span class='ocrx_word' id='word_1_288' title='bbox 878 3445 1026 3512; x_wconf 87' lang='lat' dir='ltr'>aliis</span> <span class='ocrx_word' id='word_1_289' title='bbox 1064 3448 1204 3510; x_wconf 88' lang='lat' dir='ltr'>tum</span> <span class='ocrx_word' id='word_1_290' title='bbox 1252 3445 1532 3512; x_wconf 85' lang='lat' dir='ltr'>maxime</span> <span class='ocrx_word' id='word_1_291' title='bbox 1571 3467 1646 3510; x_wconf 91' lang='lat' dir='ltr'>ea</span> <span class='ocrx_word' id='word_1_292' title='bbox 1693 3468 1771 3512; x_wconf 86' lang='lat' dir='ltr'>ex</span> <span class='ocrx_word' id='word_1_293' title='bbox 1806 3468 1877 3511; x_wconf 92' lang='lat' dir='ltr'>re</span> <span class='ocrx_word' id='word_1_294' title='bbox 1923 3446 2279 3514; x_wconf 89' lang='lat' dir='ltr'>concludas</span> 
     </span>
    </p>
   </div>
  </div>
 </body>
</html>
