2517 3909
199 169 330 234 124

580 173 641 229 Ρ.
680 175 957 231 PAPINII
995 175 1236 230 STATII
1276 175 1652 232 SILUARUM
1687 178 1751 231 L.
1787 177 1882 247 IV,
1919 182 1971 231 9.

517 316 811 386 Cumano
856 321 1119 405 patinas
1162 322 1272 386 uel
1318 321 1477 387 orbe
1521 324 1733 386 tortas

513 407 652 473 Aut
695 430 894 475 unam
940 410 1093 475 dare
1140 411 1484 495 synthesin
1529 408 1713 496 (quid
1755 409 1981 475 horres
1994 408 2061 497 P)

513 495 833 563 Alborum
881 499 1154 565 calicum
1200 503 1395 586 atque
1440 499 1907 565 caccaborum?
2267 516 2340 566 45

515 582 642 650 Sed
686 590 864 652 certa
907 588 1090 655 uelut
1134 611 1379 674 aequus
1424 589 1497 653 in
1542 591 1808 673 statera,

511 672 626 739 Nil
673 680 907 760 mutas,
954 679 1066 743 sed
1110 679 1281 744 idem
1327 678 1490 743 mihi
1534 677 1853 762 rependis.

515 762 681 840 Quid
728 766 802 850 si,
846 786 992 831 cum
1036 768 1203 832 bene
1248 788 1439 832 mane
1487 767 1882 833 semicrudus

512 851 797 919 Inlatam
842 854 965 919 tibi
1011 857 1229 922 dixero
1278 857 1573 939 salutem,

512 940 605 1007 Et
645 946 721 1008 izu
766 966 869 1009 me
914 945 1163 1011 uicibus
1209 945 1385 1011 domi
1431 943 1721 1010 salubes‘?
2271 962 2342 1011 50

513 1030 651 1096 Aul.
696 1054 841 1099 cum
886 1055 991 1100 me
1036 1034 1199 1119 dape
1244 1034 1487 1100 iuuetis
1534 1033 1753 1118 opima
1760 1083 1780 1118 ‚

512 1119 831 1204 Expectes
881 1123 1122 1188 similes
1168 1126 1236 1188 ef·
1278 1124 1419 1208 ipse
1464 1121 1706 1188 cenas?

511 1207 769 1277 Irascor
809 1211 950 1297 tibi,
997 1210 1227 1297 Grype.
1303 1212 1418 1278 sed
1459 1211 1741 1295 ualebis3

514 1296 800 1364 Tantum
844 1322 928 1365 ne
972 1301 1150 1382 mihi,
1198 1322 1326 1386 quo
1370 1302 1542 1366 soles
1588 1301 1828 1384 lepore,

512 1386 604 1452 El.
645 1410 818 1453 nunc
861 1387 1442 1475 hendecasyllabos
1487 1389 1802 1454 remittas.
2269 1404 2343 1455 55

334 1663 414 1723 43‘
441 1669 537 1723 uel
573 1671 688 1738 (an)
724 1668 1022 1725 Heinsius:
1056 1672 1115 1726 in
1153 1677 1189 1724 c
1223 1690 1260 1724 a
1286 1674 1401 1742 1145
1432 1670 1718 1727 Obbamm
1755 1670 2025 1727 Heinsius
2050 1670 2071 1739 ΙΙ
2097 1675 2167 1724 47
2197 1669 2345 1726 mihi

189 1744 236 1794 Δ
274 1746 335 1794 c:
371 1738 517 1795 nihil
555 1745 590 1795 ς
636 1742 658 1812 ΙΙ
700 1745 770 1795 48
805 1742 995 1802 malim
1029 1742 1352 1798 seminudus
1394 1745 1417 1813 ΙΙ
1456 1749 1525 1798 49
1561 1743 1806 1799 Inloham
1841 1741 2160 1798 Scriverius
2203 1743 2225 1811 ΙΙ
2271 1746 2345 1796 54

188 1830 260 1867 ne
299 1817 334 1867 ς
374 1830 432 1866 a:
469 1828 561 1868 me
599 1818 634 1864 c
665 1814 676 1881 Ι
709 1829 822 1883 quo
845 1844 914 1855 --
932 1814 1124 1886 lepore
1159 1818 1230 1869 A:
1269 1814 1421 1884 quod
1457 1844 1525 1854 -—
1562 1814 1742 1885 lepori
1779 1819 1815 1866 c
1842 1814 1862 1883 fl
1890 1819 1958 1868 55
1994 1812 2348 1883 endecasyll.

192 1889 299 1937 ca
