2517 3909
956 158 1449 217 ACHILLEIDOS
1487 160 1549 215 L.
1587 160 1628 215 Ι.
2231 162 2317 228 33

191 303 254 344 ῙῙ
454 305 761 389 Dixerat,
808 307 1000 389 atque
1045 304 1188 388 ipso
1234 308 1576 390 portarum
1622 304 1691 369 in
1735 305 1962 371 limine
2007 327 2231 393 regem

280 394 507 461 Cernit
554 398 621 459 et
667 399 930 460 ostensa
976 415 1201 477 pacem
1248 393 1583 477 praefatus
1631 394 1831 460 oliva:

277 484 565 570 ‘Magna‚
608 505 775 567 reor,
819 483 1197 567 pridemque
1244 487 1392 547 tuas
1438 483 1738 567 pervenit
1784 483 1867 548 ad
1905 506 2093 550 aures

183 588 244 628 5⁵
272 574 479 639 Fama
523 573 727 638 trucis
776 571 949 656 belli,
994 592 1223 657 regum
1259 572 1718 656 placidissime,
1766 572 1939 657 quod
1975 596 2148 639 nunc

271 662 739 747 Europamque
782 661 1141 746 Asiamque
1189 661 1420 745 quatit.
1496 660 1567 726 Si
1611 661 1880 727 nomina
1924 662 2097 728 forte
2213 681 2318 730 ’730

271 751 422 816 Huc
466 751 720 836 perlata
766 751 1029 833 ducum,
1074 750 1220 815 fidit
1266 750 1500 834 quibus
1548 751 1727 815 ultor
1772 748 2064 817 Atrides:

272 839 400 906 Hic
447 840 599 923 tibi,
646 862 836 924 quem
882 842 1071 905 tanta
1117 839 1454 904 meliorem
1503 839 1706 923 stirpe
1751 841 1998 905 creavit

273 928 737 1015 Magnanimus
783 929 1069 1012 Tydeus,
1116 927 1365 994 Ithacis
1413 949 1534 1014 ego
1582 929 1812 993 ductor
1857 928 2100 995 Ulixes,

181 1034 244 1073 60
277 1016 496 1083 Causa
538 1018 686 1083 viae
730 1017 1046 1103 (metuam
1093 1018 1247 1101 quid
1296 1017 1469 1082 enim
1514 1018 1639 1082 tibi
1685 1021 1917 1083 cuncta
1952 1018 2164 1104 fateri,

273 1106 443 1173 Cum
490 1106 723 1171 Graius
767 1110 1053 1191 notaque
1099 1107 1224 1171 fide
1271 1106 1732 1172 celeberrimus
1779 1129 1943 1172 unus
1958 1104 2021 1194 P)
2202 1124 2305 1176 ’735

269 1196 639 1280 Explorare
687 1196 901 1262 aditus
947 1195 1289 1280 invisaque
1334 1195 1535 1261 litora
1579 1194 1840 1280 Troiae,

272 1285 525 1361 Quidve
569 1282 843 1369 parent?
934 1283 1152 1350 Medio
1200 1306 1498 1350 sermone
1542 1286 1878 1370 intercipit
1921 1286 2061 1354 ille:

271 1373 622 1439 ‘Adnuerit
663 1374 954 1458 fortuna,
999 1395 1252 1458 precor,
1300 1374 1637 1459 dextrique
1684 1374 2036 1441 secundent

71 1476 78 1482 ’
182 1480 238 1519 6⁵
270 1463 412 1529 Ista
458 1464 588 1528 dei!
650 1463 843 1530 Nunc
887 1463 1175 1547 hospitio
1221 1485 1369 1527 mea
1413 1467 1588 1528 tecta
1630 1464 1937 1548 piumque

269 1551 628 1618 Inlustrate
672 1549 920 1617 larem.'
1011 1551 1221 1626 Simul
1267 1553 1442 1620 intra
1488 1552 1720 1617 limina
1765 1552 1958 1619 ducit.
2203 1571 2308 1623 ’740

267 1640 408 1707 Nec
455 1663 666 1725 mora,
710 1642 843 1706 iam
886 1663 1146 1707 mensas
1193 1641 1532 1706 famularis
1577 1643 1775 1707 turba
1819 1646 2132 1729 torosque

270 1729 565 1795 Instruit.
654 1729 917 1796 Interea
959 1730 1106 1796 visu
1150 1732 1508 1814 perlustrat
1553 1729 1777 1795 Ulixes

272 1816 742 1905 Scrutaturque
788 1819 1076 1903 domum,
1123 1820 1182 1885 si
1226 1842 1357 1905 qua
1401 1819 1683 1904 vestigia
1728 1839 2005 1903 magnae

185 1923 243 1965 70
271 1906 564 1995 Virginis
614 1911 728 1973 aut
771 1908 969 1973 dubia
1012 1909 1216 1974 facies
1266 1912 1571 1992 suspecta
1614 1908 1854 1993 figura3

268 1995 764 2083 Porticibusque
808 1997 996 2081 vagis
1043 2002 1220 2064 errat
1267 2000 1572 2082 totosque
1617 2000 1916 2081 penates,
2197 1997 2299 2066 ’745

270 2084 405 2151 Ceu
449 2087 748 2171 miretur,
796 2086 958 2151 adit:
1003 2087 1186 2151 velut
1228 2087 1343 2153 ille
1388 2086 1633 2173 cubilia
1675 2086 1956 2170 praedae

264 2174 648 2241 Indubitata
690 2179 916 2242 tenens
962 2179 1146 2242 muto
1191 2176 1357 2261 legit
1403 2199 1562 2242 arva
1605 2173 1899 2241 Molosso

265 2263 589 2349 Venator,
633 2265 854 2330 videat
900 2265 1102 2330 donec
1149 2266 1271 2329 sub
1317 2266 1656 2330 frondibus
1702 2263 1962 2330 hostem

182 2370 236 2412 75
264 2352 647 2419 Porrectum
695 2375 926 2420 somno
971 2354 1349 2439 positosque
1394 2354 1465 2418 in
1510 2353 1754 2438 cespite
1800 2354 2041 2420 dentes,

443 2442 694 2508 Rumor
737 2443 806 2508 in
852 2464 1091 2507 arcana
1135 2443 1512 2508 iamdudum
1558 2444 1913 2527 perstrepit
1961 2443 2139 2529 aula,
2195 2460 2299 2511 ’750

264 2531 649 2617 Virginibus
697 2553 826 2617 qua
869 2532 1000 2597 fida
1046 2532 1305 2617 domus,
1350 2532 1605 2597 venisse
1650 2530 2002 2618 Pelasgum

264 2620 587 2687 Ductores
635 2619 1029 2705 Graiamque
1074 2623 1286 2685 ratem
1336 2620 1673 2706 sociosque
1718 2624 2035 2706 receptos.

410 2909 511 2959 ‘727
575 2918 763 2958 versus
807 2903 871 2957 in
914 2902 1072 2957 Laid.
1111 2908 1368 2958 contemtu
1412 2920 1532 2973 om„
1579 2905 1650 2960 al.
1703 2921 1771 2959 m.
1809 2921 1983 2976 marq.
2029 2905 2256 2960 additus
2289 2903 2297 2977 Ι

265 2976 502 3032 obtenta
531 2974 661 3030 Nic.
709 2973 980 3028 Heinsius
1011 2974 1021 3045 1
1050 2975 1343 3044 praefatus
1388 2981 1435 3029 Δ
1488 2976 1645 3031 Leia.
1684 2993 1859 3046 marq.
1898 2976 2186 3046 praefatur
2208 2981 2265 3029 Π
2282 2975 2302 3048 Η

268 3052 372 3102 728
442 3045 732 3115 ridemque
759 3046 887 3100 tuas
914 3050 1060 3111 ApD
1112 3046 1334 3116 pridem
1378 3049 1592 3103 vestras
1622 3052 1766 3100 ent
1803 3047 1889 3116 Cf.
1931 3048 2087 3102 Mus.
2123 3046 2298 3104 Rhea.

267 3118 397 3172 XX
487 3134 551 3186 10·
587 3121 699 3172 475
734 3132 810 3187 sq.
854 3118 875 3187 ΙΙ
923 3123 1027 3172 730
1073 3119 1122 3172 si
1168 3118 1399 3173 nomina
1440 3119 1587 3174 forte
1624 3124 1735 3172 A!
1800 3119 1846 3173 si
1883 3118 2114 3174 nomina
2148 3117 2300 3173 nosti

264 3194 316 3242 Η
349 3206 436 3256 pr.
474 3206 545 3243 m.
585 3188 634 3242 si
678 3187 907 3243 nomina
952 3204 1189 3257 quaeras
1227 3191 1345 3245 edd.
1375 3191 1394 3260 ΙΙ
1424 3196 1527 3246 733
1563 3191 1791 3245 Ithacus
1829 3195 1869 3243 P
1903 3190 2064 3244 schol.
2119 3188 2299 3244 itacus

265 3266 308 3313 G
336 3261 591 3315 Ythacus
618 3264 670 3312 Η
696 3259 718 3329 ΙΙ
746 3265 850 3314 734
877 3261 1080 3315 cuncta
1107 3260 1216 3315 tibi
1241 3260 1409 3316 fateri
1435 3267 1476 3315 P
1502 3265 1524 3333 ΙΙ
1552 3267 1654 3318 ’735
1672 3262 1901 3332 graiuus
1920 3266 1962 3313 P
1987 3262 2010 3330 ΙΙ
2036 3265 2138 3315 738
2167 3261 2298 3315 dex·

262 3333 476 3401 trisque
512 3336 554 3383 P
591 3332 612 3401 fl
658 3336 763 3386 744
812 3331 1024 3403 figurae
1069 3336 1110 3384 P
1136 3333 1156 3402 fl
1185 3339 1289 3388 ’746
1344 3332 1465 3389 obit
1501 3334 1773 3388 Heinsius
1820 3335 1840 3402 ΙΙ
1889 3337 1991 3387 ’747
2047 3334 2204 3387 muto
2256 3336 2297 3385 P

1118 3418 1163 3445 m
1190 3417 1264 3447 Sec.
1288 3418 1342 3447 m.

261 3461 427 3524 Pch
482 3455 661 3510 multo
719 3455 823 3509 13²1:
871 3457 987 3512 edd.
1024 3459 1032 3527 Ι
1066 3473 1202 3513 arva
1345 3465 1386 3511 P

369 3555 542 3596 Sta-ru
570 3556 641 3595 Ac
643 3565 794 3595 aaaaa
796 3565 854 3596 ιε.
1834 3553 1866 3599 3
