2517 3909
836 147 1234 197 THEBAIDOS
1286 149 1427 196 LIB.
1451 149 1534 196 ·.X

173 302 494 365 Induerant
540 302 712 377 ebur,
760 313 819 362 et
858 303 1111 363 lacrimis
1154 310 1482 383 questuque
1523 303 1838 382 rogabant.

179 394 205 424 ³
220 388 487 467 Adspice
533 387 885 466 sacrilegas
896 384 1188 449 Cadmeae
1230 389 1477 467 pellicis
1507 407 1701 467 arces,
1758 411 1775 433 ·-

179 473 420 535 Siderei
460 473 666 549 regina
690 473 866 551 poli,
912 473 1315 551 tumulumque
1345 473 1661 535 rebellem

179 558 388 618 Disice
435 566 496 617 et
537 559 595 617 in
639 556 873 617 Thebas
913 557 1102 633 aliud,
1131 565 1362 636 ›poteS,
1403 567 1623 618 exc-ute
1667 559 1930 622 fulmen?

319 641 472 717 Quid
514 642 692 702 faciat
706 638 738 701 ⁶?
779 643 899 702 -scit
940 642 1059 702 fata
1101 644 1219 701 suis
1266 645 1555 704 contraria
1590 641 1776 705 Graiis

182 727 602 805 Aversumque
634 725 872 799 lovem,
912 726 1021 786 sed
1055 744 1172 786 nec
1217 729 1467 806 periisse
1508 738 1786 806 precatus

183 811 490 889 Tantaque
536 812 688 872 dona
721 810 900 879 ·velit;
946 820 1172 889 tempus
1216 821 1411 872 tamen
1456 812 1630 874 obvia
1668 815 1859 892 magni
1944 858 1949 865 .

182 895 337 957 Fors
381 895 540 957 dedit
582 896 808 965 auxilii;
853 897 1014 956 videt
1054 896 1296 956 alto'ex
1339 896 1580 958 aethere
1627 899 1827 960 clausa
1884 942 1889 949 -

181 979 415 1041 Moenia
460 991 519 1040 et
557 981 803 1040 insomni
843 981 1058 1040 vallum
1079 982 1369 1043 statione·
1398 983 1604 1042 teneri.

179 1066 417 1126 Horruit
459 1067 694 1125 irarum
713 1065 957 1125 stimulis
997 1074 1270 1143 motaque
1312 1067 1631 1127 verendum

184 1149 468 1211 Turbavit
503 1149 767 1210 diadema
804 1160 1012 1219 comat
1050 1167 1166 1209 non
1210 1152 1441 1211 saevius
1485 1154 1627 1211 arsit

179 1234 517 1297 Herculeae
560 1252 733 1313 quum
768 1236 970 1295 matris
1009 1252 1153 1294 onus
1197 1236 1582 1315 geminosque
1625 1235 1899 1296 Tonantis

187 1316 547 1380 Concubitus
589 1321 790 1380 vacuis
831 1319 1229 1397 indignaretur
1265 1322 1324 1380 in
1364 1322 1556 1381 astris.

182 1404 349 1482 Ergo
394 1405 740 1483 intempesta
777 1405 965 1465 somni
1004 1405 1313 1465 dulcedine
1350 1414 1560 1483 captos

182 1489 455 1550 Destinat
493 1488 719 1549 Aonios
760 1489 880 1549 leto
923 1489 1247 1567 praehere,
1307 1507 1583 1567 suamque

186 1571 440 1634 Orbibus
485 1573 712 1650 accingi
751 1574 939 1633 solitis
982 1573 1300 1633 iubetlrin
1345 1583 1406 1632 et
1446 1591 1615 1633 omne

183 1657 420 1718 Mandat
465 1675 643 1736 opus;
690 1658 859 1736 paret
900 1658 1075 1717 iussis
1114 1653 1225 1718 dea
1265 1657 1457 1733 clara,
1503 1657 1819 1737 polumque

180 1742 412 1821 Linquit
455 1750 515 1802 et
555 1743 616 1801 in
654 1751 843 1803 terras
887 1742 1086 1819 longo*
1109 1742 1482 1820 suspenditur
1521 1759 1679 1801 arcu.

313 1828 442 1888 Stat
481 1846 662 1906 super
702 1827 983 1887 occiduae
1026 1826 1313 1888 nebulosa
1357 1824 1567 1886 cubilia
1596 1825 1798 1895 ,noctis

181 1912 630 1991 Aethiopasque
669 1912 818 1972 alios
857 1910 998 1972 nulli
1039 1909 1418 1990 penetrabilis
1462 1920 1619 1971 astro

183 1995 376 2057 Lucus
418 1997 607 2072 iners,
654 1995 970 2075 subterque
999 1998 1174 2056 cavis
1212 2013 1395 2074 grave
1436 1994 1679 2073 rupibus
1719 2003 1939 2061 antrum

184 2080 254 2142 lt
280 2098 524 2141 vacuum
565 2083 622 2140 in
659 2090 945 2157 montem,
994 2096 1106 2160 qua
1133 2080 1367 2142 ‘desidis
1410 2081 1556 2141 atria
1593 2079 1793 2140 Somni

186 2168 591 2244 Securumque
636 2165 818 2227 larem
860 2168 1060 2244 segnis
1102 2175 1304 2227 natura
1349 2165 1587 2226 locavit.

183 2250 388 2310 Limen
430 2266 616 2329 opaca
657 2250 839 2325 Quies
884 2261 943 2311 et
984 2252 1154 2330 pigra
1195 2249 1427 2317 Oblivia
1469 2258 1707 2313 servant

184 2333 263 2395 Et
304 2352 607 2413 numquam
650 2335 816 2413 vigili
853 2345 1094 2415 torpens
1133 2334 1372 2414 Ignavia
1412 2335 1595 2395 vultu.

187 2418 319 2479 Otia
363 2419 655 2480 vestibulo
702 2422 1044 2500 pressisque
1090 2421 1318 2481 silentia
1358 2421 1565 2500 pennis

183 2502 345 2564 liuta
389 2504 627 2581 sedent,
669 2504 1025 2584 abiguntque
1065 2514 1269 2566 traces·
1306 2523 1340 2566 a
1382 2505 1632 2566 culmine
1674 2513 1881 2564 ventos

92 2579 106 2593 '
185 2586 267 2648 Et
303 2605 494 2649 ramos
537 2594 738 2649 errar‘e
779 2599 976 2650 vetant
1021 2599 1081 2650 et
1121 2607 1407 2650 min-mura
1451 2590 1682 2649 demunt

186 2672 463 2733 Alitibus.
543 2670 676 2732 Non
717 2673 813 2734 hic
849 2674 1080 2753 pelagi,
1125 2674 1266 2737 licet
1309 2676 1499 2734 omnia
1542 2673 1789 2734 clament

184 2756 413 2833 Litora,
456 2774 574 2817 non
613 2758 739 2817 illic
784 2758 938 2819 coeli
979 2759 1210 2836 fragon
1253 2760 1386 2838 ipse
1428 2759 1731 2839 profundis

183 2840 454 2901 Vallibus
502 2842 788 2920 effugiens
829 2843 1149 2923 speluncae
1177 2846 1489 2923 proximus
1533 2845 1711 2905 amnis

186 2928 345 2987 Saxa
387 2928 540 2987 inter
582 2926 986 3006 scopulosque
1021 2937 1211 2988 tacet:
1255 2930 1542 3007 nigrantia
1584 2929 1740 2988 circa

185 3011 500 3087 Armenta,
547 3029 716 3072 omne
761 3012 891 3073 solo
936 3012 1179 3073 recubat
1220 3032 1442 3092 pecus,
1486 3022 1546 3073 et
1580 3028 1730 3072 nova
1771 3018 2031 3071 marcent

186 3095 490 3172 Germina,
534 3106 935 3178 terrarumque
982 3098 1495 3177 inclinat‘spiritun
1536 3095 1768 3156 herbas.

188 3179 379 3259 {Mille
422 3183 572 3241 intus
614 3182 924 3243 simulacra
966 3184 1072 3243 dei
1104 3183 1457 3243 caelaverat·
1479 3179 1690 3240 ardens

182 3263 504 3335 Mulciber,
550 3266 647 3327 hic
688 3267 895 3328 haeret
938 3268 1105 3328 lateri
1148 3267 1412 3329 redimita
1448 3264 1756 3344 Voluptas,

183 3348 295 3409 Hic
340 3368 540 3412 comes
584 3352 644 3411 in
682 3350 946 3431 requiem
985 3368 1240 3429 vergens
1285 3350 1478 3416 labor:
1525 3358 1617 3409 est
1661 3347 1760 3408 uhi
1801 3347 2055 3424 Baccho,

183 3426 308 3496 Est
337 3434 434 3496 uhi
477 3433 844 3515 Martigenae
882 3438 1104 3503 socium
1142 3435 1407 3516 pulvinar
1445 3435 1649 3496 Amori

275 3538 554 3584 s‘rA'rms
591 3519 1858 3584 11.14

2064 137 2189 199 209

2120 653 2189 710 70

2060 1075 2186 1131 ,75

2083 3189 2186 3242 100
