2517 3909
819 135 1218 192 mammos
1260 136 1399 192 ΜΒ.
1443 137 1540 186 VI.
2064 126 2181 188 117

180 290 350 356 Unde
396 308 512 370 ego
547 289 709 353 bella
746 289 851 356 tibi
896 290 1245 372 Thebasque
1290 292 1503 392 ignara·
1535 290 1875 356 timerem?

181 373 296 438 Cui
334 394 606 456 superum
648 387 849 438 nostro
875 379 1255 442 committere
1294 378 1578 456 sanguiue
1623 395 1848 456 pugnas
1948 431 1953 440 .
2034 443 2041 452 ,

179 459 416 525 Dulce?
459 463 586 540 quis
629 461 746 522 hoc
787 462 959 526 armis
1003 464 1165 528 vovit
1202 461 1453 536 scelus?
1497 472 1554 523 at
1590 470 1687 522 tua
1724 462 1997 539 nondum,

184 543 435 624 Cadme,
481 546 719 623 domus,
758 546 949 612 nullus
989 546 1165 623 Tyrio
1209 565 1400 625 grege
1447 545 1737 626 plangitur
1780 546 1985 610 infans.
2075 558 2179 614 145

179 630 464 692 Primitias
511 641 746 709 egomet
777 632 1144 698 lacrimarum
1185 641 1246 694 et
1292 627 1489 701 caedis
1533 631 1787 694 acerbae

178 715 337 784 Ante
382 715 549 776 tubas
591 715 924 795 ferrumque
969 716 1106 793 tuli,
1154 717 1286 780 dum
1324 716 1529 778 deside
1572 734 1709 780 cura

184 797 381 861 Credo
421 801 582 860 sinus
624 800 774 862 lidos
815 801 1034 864 altricis
1077 811 1136 862 et
1177 801 1361 864 ubera
1401 801 1630 864 maudo.

183 884 394 960 Quidni
438 882 599 962 ego?
640 884 908 950 narrabat
951 895 1242 948 servatum
1286 885 1489 947 fraude
1535 894 1835 964 parentem

178 967 567 1048 Insoutesque
604 987 819 1030 manus.
899 969 1024 1034 En!
1069 989 1241 1050 quam
1283 970 1468 1032 ferale
1510 980 1775 1051 putemus
2076 981 2181 1034 150

176 1053 504 1115 Abiurasse
545 1072 772 1118 sacrum
817 1063 880 1118 et
919 1054 1119 1118 Lemni
1158 1055 1472 1133 gentilibus
1509 1072 1679 1117 unam

178 1140 478 1202 Inmunem
520 1138 712 1209 furiis;
753 1139 902 1204 haec
945 1139 1079 1216 illa,
1120 1149 1181 1199 et
1227 1140 1463 1204 creditis
1502 1135 1721 1204 ausae?

179 1224 345 1287 Haec
390 1224 605 1303 pietate
649 1220 903 1304 petens?
947 1224 1091 1286 solis
1135 1224 1348 1286 abiecit
1392 1225 1448 1284 in
1486 1225 1640 1286 arvis

176 1308 313 1370 Non
355 1326 558 1386 regem
600 1308 988 1378 dominumve;
1036 1309 1259 1372 alienos
1306 1309 1460 1388 inpia
1503 1317 1723 1389 partus,

178 1393 313 1455 Hoc
354 1393 955 1472 tantum,.silvaeque
995 1394 1220 1458 infamis
1264 1396 1489 1456 tramite
1534 1394 1721 1471 liquit,
2074 1400 2177 1454 155

179 1478 372 1554 Quem
410 1495 525 1537 non
567 1478 770 1555 anguis
800 1486 969 1542 atrox
990 1512 1075 1525 —-·
1094 1478 1233 1558 quid
1255 1478 1407 1540 enim
1422 1477 1534 1539 hac
1558 1494 1730 1557 opus,
1754 1477 1851 1538 hei
1881 1474 2041 1552 mihi,
2070 1474 2174 1536 leti

174 1561 344 1626 Mole
379 1558 526 1623 fuit?
565 1595 650 1607 —
691 1570 906 1626 tantum
951 1561 1114 1624 coeli
1150 1562 1464 1626 violentior
1505 1579 1644 1623 aura

177 1647 571 1727 Inpulsaeque
613 1645 768 1707 Noto
812 1646 1051 1711 frondes
1096 1664 1419 1725 eassusque
1458 1646 1686 1710 valeret

176 1732 528 1794 Exanimare
573 1732 759 1792 timor.
826 1730 955 1792 Nec
993 1748 1103 1791 vos
1140 1732 1442 1792 incessere
1486 1730 1642 1791 luctu

179 1815 340 1877 Orba
381 1815 608 1893 habeo,
655 1816 829 1880 fixum
865 1816 1040 1879 matri,
1078 1815 1466 1894 inmotumque
1508 1812 1777 1885 manebat
2072 1820 2177 1876 160

177 1899 307 1963 Hac
347 1899 552 1961 altrice
593 1900 791 1969 nefas;
843 1908 901 1961 at
944 1902 1080 1979 quin
1124 1909 1186 1961 et
1226 1899 1472 1962 blandus
1514 1899 1587 1962 ad
1631 1898 1809 1974 illam,

174 1986 363 2062 Nate,
404 1986 616 2064 magis,
661 1984 848 2048 solam
899 2002 1078 2046 nosse
1117 1994 1290 2064 atque
1335 1983 1535 2046 audire
1577 1991 1909 2059 vocantem,

173 2072 539 2149 Ignarusque
574 2070 718 2131 mei:
756 2068 912 2132 nulla
958 2088 1034 2132 ex
1073 2079 1132 2136 te
1169 2069 1379 2147 gaudia
1421 2069 1608 2132 matri.

175 2155 289 2217 Illa
333 2163 465 2214 tuos
504 2162 743 2234 questus
775 2153 1236 2234 lacrimososque
1275 2154 1430 2234 inpia
1473 2153 1623 2218 risus

174 2237 380 2301 Audiit
423 2247 483 2298 et
523 2240 691 2298 vocis
731 2238 1031 2319 decerpsit
1072 2257 1359 2301 murmura
1400 2238 1643 2318 primae.
2068 2242 2172 2299 165

174 2324 292 2387 Illa
331 2322 433 2384 tibi
473 2324 743 2401 genetrix
784 2341 1049 2403 semper,
1094 2324 1226 2385 dum
1267 2324 1386 2384 vita
1427 2321 1717 2396 manebat,

173 2408 345 2472 Nunc
386 2425 521 2487 ego.
601 2407 718 2469 Sed
761 2410 1012 2472 miserae
1052 2408 1188 2472 mihi
1222 2426 1337 2469 nec
1379 2408 1584 2487 punire
1627 2413 1891 2505 potestas

174 2494 280 2557 Sic
323 2493 615 2553 meritam:
660 2493 818 2571 quid
835 2493 1019 2570 dona,
1057 2494 1273 2569 duceS,
1318 2491 1455 2571 quid
1494 2490 1682 2552 inania
1717 2489 1884 2552 fertis

175 2577 338 2640 Iusta
379 2574 584 2655 rogis?
646 2575 845 2678 Illam,
883 2567 963 2640 nil
1009 2586 1257 2660 poscunt
1296 2574 1538 2655 amplius
1580 2573 1840 2651 umbrae,

175 2661 379 2745 Illam,
426 2679 568 2739 oro,
616 2662 796 2724 cineri
837 2661 1039 2739 simul,
1086 2663 1443 2740 excisaeque
1486 2660 1712 2742 parenti
2069 2666 2175 2726 170

174 2707 468 2824 Reddite,
512 2764 766 2848 quaeso,
810 2746 1024 2825 duces,
1070 2762 1179 2827 per
1222 2762 1337 2824 ego
1378 2745 1527 2806 haec
1566 2742 1877 2824 primordia
1922 2742 2086 2820 belli,

178 2830 294 2895 Cui
334 2833 571 2912 peperi:
615 2831 702 2892 sic
745 2849 932 2911 aequa
973 2840 1207 2910 gemant
1247 2831 1384 2894 mihi
1424 2830 1626 2894 funera
1661 2838 1878 2891 matres

178 2916 496 2995 Ogygiae?
574 2915 791 2980 Sternit
829 2917 1019 2982 crines
1062 2918 1351 2996 iteratque
1387 2914 1723 2994 precando:

178 3000 504 3080 εΡιεᾰᾶίιε,
549 3020 661 3061 uec
696 3019 842 3065 vero
887 3002 1182 3066 crudelem
1227 3000 1567 3079 avidamque
1609 3007 1820 3060 vocate

173 3086 516 3164 Sanguinis:
559 3085 896 3150 occumbam
935 3087 1187 3166 pariter,
1226 3084 1359 3148 dum
1396 3084 1640 3148 vulnere
1682 3085 1836 3145 iusto
2070 3091 2170 3149 175

176 3169 497 3233 Exaturata
539 3169 780 3248 oculos,
823 3189 995 3232 unum
1031 3170 1377 3251 inpellamur
1414 3170 1472 3229 iu
1515 3170 1756 3247 ignem?

312 3254 473 3317 Talia
507 3254 838 3318 vociferans
878 3254 991 3318 alia
1030 3255 1104 3320 de
1149 3264 1317 3335 parte
1356 3263 1690 3333 gementem

174 3338 577 3420 Hypsipylen,
621 3356 813 3420 neque
856 3342 1005 3404 euim
1046 3339 1145 3400 illa
1189 3357 1388 3404 comas
1425 3357 1539 3404 nec
1579 3346 1825 3419 pectora
1863 3344 2082 3412 servat,

177 3423 438 3503 Agnovit
480 3424 693 3503 longe,
736 3433 797 3486 et
837 3425 1060 3491 socium
1101 3423 1395 3512 indignata
1434 3422 1729 3486 dolorem:
