2517 3909
363 140 440 204 18
1034 155 1408 206 1³..PAP1N11
1448 155 1686 205 s'rA'rn

360 309 681 389 Porrigitur
723 308 1055 391 lassumque
1097 311 1332 374 inclinat
1370 313 1442 374 ad
1485 329 1743 393 aequora
1780 321 2055 390 montem,
2132 317 2141 324 “

362 394 668 458 Praeterit.
754 395 902 456 Hinc
943 406 1108 458 arcte
1155 416 1184 457 s
1266 397 1479 477 puloso
1522 399 1579 458 in
1622 398 1801 458 limite
1853 397 2114 478 pendens

357 480 611 543 Infames
648 480 914 557 Scyrone
958 490 1158 561 petras
1320 481 1589 561 llaeaque
1634 500 1766 542 rura

357 567 659 646 Purpureo
700 573 942 666 regnata
987 567 1113 626 seni
1146 567 1458 646 mitemque
1502 565 1819 628 Corinthon

359 650 617 730 Linquit,
656 658 717 711 et
759 652 816 711 in
848 651 1054 712 mediis
1092 650 1250 713 audit
1292 651 1405 713 duo
1451 653 1624 714 litora
1665 652 1909 732 campis.
2245 660 2341 716 335

485 734 720 815 Iamque
764 753 873 815 per
911 736 1136 796 emeriti
1169 754 1421 815 surgens
1463 736 1709 798 confinia
1750 734 1976 798 Phoebi

360 811 612 896 Titanis,
657 819 776 881 late
813 822 1023 882 mundo
1064 819 1347 883 subvecta
1384 821 1576 883 silenti

357 902 630 965 Rorifera
672 905 930 983 gelidum
970 914 1311 968 tenuaverat
1358 923 1496 968 aera
1528 906 1694 985 biga.

355 990 476 1052 Iam
523 988 785 1068 pecudes
824 990 1217 1070 volucresque
1258 998 1490 1069 tacent,
1532 991 1643 1052 iam
1687 1006 1924 1052 somnus
1950 987 2159 1051 ‘avaris

357 1073 611 1153 Inserpit
654 1074 809 1134 curis
853 1091 1189 1154 pronusque
1232 1092 1343 1154 per
1383 1093 1523 1137 aera
1561 1084 1741 1152 nutat,
2244 1084 2345 1138 340

358 1158 532 1220 Grata
576 1157 877 1220 laboratae
916 1159 1187 1220 referens
1230 1158 1445 1221 oblivia
1486 1161 1664 1221 vitae.

358 1244 479 1305 Sed
526 1262 639 1303 nec
679 1245 930 1323 puniceo
971 1244 1285 1306 rediturum
1326 1243 1521 1306 nubila
1565 1244 1738 1306 coelo

354 1329 687 1389 Promisere
728 1329 926 1406 iubar,
974 1347 1087 1388 nec
1128 1328 1561 1390 rarescentibus
1605 1328 1820 1390 umbris

355 1413 556 1491 Longa
596 1430 952 1493 repercusso
996 1414 1224 1474 nituere
1268 1413 1613 1493 crepuscula
1656 1410 1916 1475 Phoebo.

356 1498 611 1559 Densior
651 1517 684 1559 a
727 1500 901 1559 terris
937 1508 996 1560 et
1032 1497 1173 1558 nulli
1216 1499 1419 1578 pervia
1460 1499 1722 1560 flammae
2010 1557 2025 1578 2
2246 1504 2345 1560 345

355 1582 623 1644 Subtexit
663 1600 781 1664 nox
824 1593 947 1645 atra
989 1583 1186 1664 polos.
1272 1582 1392 1645 Iam
1437 1583 1686 1646 claustra
1725 1580 1967 1661 rigentis

353 1668 604 1729 Aeoliae
645 1686 929 1748 percussa
973 1678 1211 1746 sonant,
1237 1678 1620 1749 ‚venturaque
1663 1685 1841 1729 rauco

356 1753 474 1814 Ore
519 1754 762 1815 minatur
803 1753 1022 1832 hiems,
1067 1756 1226 1815 venti
1264 1762 1597 1832 transversa
1641 1752 1958 1814 frementes

358 1838 686 1917 Confligunt
729 1856 1016 1917 axemque
1057 1847 1252 1902 emoto
1301 1839 1533 1900 cardine
1552 1887 1557 1893 .
1577 1838 1818 1915 vellunt,

354 1924 505 1985 Dum
546 1924 776 1985 coelum
819 1922 931 1984 sibi
977 1925 1222 2004 quisque
1262 1925 1432 2003 rapit.
1522 1923 1642 1984 Sed
1677 1924 1952 2004 plurimus
1984 1921 2202 1984 Auster
2244 1931 2346 1986 350

352 2009 708 2086 Inglomerat
750 2018 984 2069 noctem
1027 2018 1087 2069 et
1120 2007 1438 2070 tenebrosa
1480 2008 1770 2069 uolumina
1813 2016 2047 2088 torquet

353 2092 749 2171 Defunditque
792 2092 1047 2170 imbres,
1092 2094 1253 2154 sicco
1300 2111 1448 2173 quos
1487 2105 1664 2173 asper
1705 2093 1862 2156 hiatu

352 2178 681 2240 Persolidat
722 2177 978 2246 Boreas;
1027 2195 1137 2239 nec
1176 2196 1293 2239 non
1332 2178 1577 2259 abrupta
1616 2178 1954 2243 tremiscunt

355 2263 647 2342 Fulgura,
688 2269 748 2323 et
791 2263 1020 2323 attritus
1064 2261 1252 2324 subita
1296 2261 1429 2325 face
1472 2264 1750 2343 rumpitur
1786 2263 2014 2326 aether.

352 2349 472 2410 Iam
508 2346 765 2424 Nemee,
812 2348 926 2408 iam
973 2346 1290 2410 Taenareis
1334 2350 1691 2410 contermina
1734 2348 1882 2410 lucis
2243 2358 2351 2413 355

350 2431 644 2494 Arcadiae
690 2432 880 2512 capita
921 2432 1038 2493 alta
1074 2432 1339 2503 madent;
1387 2434 1499 2494 ruit
1536 2435 1769 2512 agmine
1812 2432 1970 2494 facto

351 2516 631 2593 Inachus,
675 2526 735 2578 et
780 2516 1009 2597 gelidas
1051 2536 1300 2597 surgens
1341 2516 1619 2579 Erasinus
1662 2517 1737 2581 ad
1777 2519 2014 2580 Arctos

352 2601 764 2664 Pulvernlenta
807 2603 968 2682 prius
1009 2603 1408 2683 calcandaque
1449 2602 1678 2666 flumina
1720 2602 1916 2664 nullae

349 2685 688 2765 Aggeribus
730 2696 976 2749 tenuere
1015 2705 1249 2765 morae,
1296 2698 1620 2768 stagnoque
1664 2687 1862 2752 refusa
1901 2696 1993 2748 est

353 2771 631 2833 Funditus
677 2782 737 2833 et
778 2774 969 2834 veteri
1013 2773 1299 2852 spumavit
1339 2772 1529 2836 Lerna
1572 2789 1829 2834 venerim·
2242 2783 2347 2838 36⁰

349 2856 660 2935 Frangitur
700 2874 871 2918 omne
914 2875 1146 2918 nemus:
1200 2859 1431 2937 rapiunt
1469 2859 1702 2936 antiqua
1742 2857 2046 2937 procellae

348 2940 597 3004 Brachia
641 2942 946 3020 silvarum,
983 2941 1275 3021 nullisque
1313 2942 1594 3023 adspecta
1635 2959 1743 3022 per
1786 2961 1993 3006 aevum

352 3025 590 3087 Solibus
635 3026 890 3088 umbrosi
936 3035 1177 3106 patuere
1219 3029 1441 3089 aestiva
1472 3027 1709 3104 Lycaei.

348 3110 458 3173 Ille
499 3120 690 3175 tamen
731 3111 905 3172 modo
951 3119 1098 3173 saxa
1135 3112 1288 3190 iugis
1331 3112 1614 3192 fugientia
1654 3114 1842 3192 ruptis

350 3195 622 3274 Miratur,
667 3196 842 3259 modo
883 3195 1204 3274 nubigenas
1247 3216 1283 3258 e
1327 3197 1615 3260 montibus
1654 3216 1854 3259 amnes
2238 3208 2346 3265 365

350 3281 512 3341 Aure
558 3298 778 3360 pavens
823 3282 1153 3362 passimque
1199 3284 1402 3344 insano
1446 3281 1676 3344 turbine
1715 3292 1939 3363 raptas'

350 3365 651 3426 Pastorum
687 3382 1084 3446 pecorumque
1126 3367 1351 3432 domos.
1438 3366 1569 3429 Non
1615 3369 1854 3447 segnius
1898 3385 2094 3434 amens

346 3447 726 3530 Incertasque
766 3452 899 3513 viae
943 3470 1051 3532 per
1091 3453 1257 3533 nigra
1296 3453 1525 3517 silentia
1564 3462 1787 3516 vastum
