2517 3909
211 161 290 227 78
942 164 1005 218 Ρ.
1043 162 1322 217 PAPINII
1360 162 1598 217 STATII

208 306 448 375 Caesar
495 309 578 374 ab
626 309 894 374 emerito
940 309 1162 374 iubeat
1204 307 1508 373 decedere
1554 308 1748 393 bello,

207 397 300 463 At
344 420 467 464 nos
513 398 636 463 hoc
681 398 918 463 iterum
965 401 1211 463 stantes
1258 398 1330 462 in
1373 397 1563 463 litore
1609 401 1833 462 uastos

209 485 572 553 Cernemus
612 487 843 552 fluctus
891 487 1180 571 aliasque
1224 486 1603 572 rogabimus
1651 485 1887 551 auras?
2247 506 2352 555 130

209 575 262 641 Ο
308 581 451 641 tum
497 579 777 661 quantus
826 596 946 661 ego
994 581 1108 641 aut
1152 579 1400 660 quanta
1443 576 1671 640 uofiua
1714 576 1995 641 monebo

205 664 463 731 Plectra
505 666 678 750 lyra!
725 687 873 730 cum
916 686 1021 730 me
1066 685 1310 749 magna
1353 664 1603 729 ceruice
1646 665 1923 750 ligatum

206 754 487 820 Attolles
532 754 818 819 humeris
867 757 1059 839 atque
1104 754 1176 817 in
1219 775 1368 818 mea
1411 755 1696 838 pectora
1719 754 2003 837 primum

206 842 548 908 Incumbes
596 866 630 908 e
675 864 893 927 puppe
936 864 1147 908 nouus
1196 846 1580 928 seruataque
1624 842 1850 908 reddes

208 929 551 1017 Colloquia
593 932 790 1017 inque
834 931 1046 997 uicem
1090 931 1336 996 medios
1380 931 1791 997 narrabimus
1837 954 2063 1016 annos,
2246 951 2349 1000 135

203 1020 305 1085 Tu
351 1021 651 1105 rapidum
695 1020 1080 1104 Euphraten
1125 1025 1190 1084 et
1234 1041 1305 1085 re
1377 1042 1416 1085 a
1460 1019 1701 1086 Bactra
1747 1041 2090 1106 sacrasque

204 1110 531 1195 Antiquae
576 1109 938 1194 Babylonis
985 1130 1142 1194 opes
1192 1113 1259 1173 et
1352 1129 1606 1195 eugma,
1652 1108 1926 1175 Latinae

97 1241 108 1250 ‹
206 1197 392 1264 Pacis
438 1199 580 1281 iter,
627 1220 821 1283 quam
867 1198 1052 1263 dulce
1096 1220 1327 1263 nemus
1375 1198 1679 1263 florentis
1709 1198 1998 1284 Idumes3

207 1287 348 1363 Quo
394 1287 682 1372 pretiosa
725 1287 936 1371 Tyros
979 1287 1226 1372 rubeat,
1276 1308 1404 1372 quo
1449 1309 1742 1372 purpura
1785 1287 1936 1353 fuco

207 1375 486 1441 Sidoniis
533 1377 770 1441 iterata
813 1376 1006 1461 cadis,
1052 1376 1166 1441 ubi
1212 1375 1504 1461 germine
1551 1377 1771 1478 opimo
2239 1394 2345 1444 140

205 1463 495 1531 Candida
538 1464 763 1530 felices
809 1465 1044 1530 sudent
1090 1465 1511 1550 opobalsama
1555 1465 1809 1550 uirgae:
2200 1477 2209 1500 ⁸

204 1554 332 1618 Ast
377 1574 528 1639 ego,
574 1553 847 1619 deuictis
892 1554 1181 1619 dederim
1226 1576 1392 1638 quae
1437 1554 1632 1619 busta
1673 1554 1970 1640 Pelasgis

206 1641 466 1719 Quaene
512 1642 842 1708 laboratas
890 1642 1149 1708 claudat
1194 1642 1355 1707 mihi
1401 1644 1646 1728 pagina
1692 1643 1973 1710 Thebas.

1216 1838 1336 1904 III.

532 1978 992 2035 CONSOLATIO
1029 1979 1128 2033 AD
1168 1976 1552 2033 CLAUDIUM
1587 1978 2001 2036 ETRUSCUM.

204 2086 467 2154 Summa
512 2089 720 2162 deum,
765 2088 1003 2173 Pietas,
1047 2089 1227 2154 cuius
1277 2087 1652 2173 gratissima
1697 2090 1875 2154 caelo

202 2177 375 2243 Rara
418 2179 801 2262 profanatas
846 2178 1216 2263 inspectant
1258 2177 1533 2241 numina
1572 2181 1799 2259 terrae,

200 2265 346 2331 Huc
391 2268 629 2332 uittata
673 2289 928 2332 comam
970 2267 1288 2351 niueoque
1331 2266 1608 2351 insignis
1657 2266 1917 2351 amictu,

202 2354 426 2432 Qualis
474 2356 682 2422 adhuc
728 2378 1039 2441 praesens
1087 2356 1396 2440 nullaque
1441 2355 1711 2439 expulsa
1755 2358 2107 2422 nocentum

199 2442 450 2510 Fraude
494 2445 682 2510 rudes
728 2446 1005 2530 populos
1054 2447 1246 2530 atque
1294 2465 1492 2508 aurea
1536 2463 1738 2530 regna
1782 2445 2060 2531 colebas,
2308 2463 2342 2513 5

199 2531 467 2598 Mitibus
506 2534 793 2619 exequiis
840 2533 992 2598 ades
1039 2536 1105 2598 et
1148 2533 1433 2619 lugentis
1479 2532 1740 2599 Etrusci

201 2619 405 2688 Cerne
450 2624 596 2707 pios
640 2623 830 2688 fletus
877 2622 1271 2707 laudataque
1316 2622 1563 2688 lumina
1605 2627 1808 2709 terge.

344 2875 445 2924 128
483 2869 767 2924 discedere
803 2873 850 2922 A
887 2875 938 2936 0,
976 2871 1205 2926 correxi.
1243 2872 1264 2939 ΙΙ
1303 2875 1406 2924 129
1443 2871 1521 2925 At
1555 2874 1626 2924 A·
1665 2871 1748 2925 Ac
1786 2876 1821 2922 0
1851 2873 1861 2940 Ι
1882 2871 2107 2942 uastos]
2144 2888 2342 2927 uersos

200 2940 277 2994 M
274 2941 409 2996 arkl
439 2942 459 3009 ΙΙ
489 2946 591 2995 134
618 2941 950 2995 Incumbens
989 2946 1024 2992 0
1052 2958 1086 2993 a
1117 2943 1126 3010 Ι
1158 2945 1493 3011 seruataque
1530 2947 1877 3011 corruptum;
1909 2947 2045 3010 puto
2082 2945 2338 3012 sperata-

199 3027 307 3080 que
342 3013 362 3080 ΙΙ
411 3017 511 3066 136
548 3011 859 3082 euphraten
895 3016 967 3067 A:
1005 3012 1283 3067 eufratem
1319 3019 1354 3065 0
1388 3014 1409 3082 ΙΙ
1448 3018 1547 3067 137
1586 3029 1784 3068 neuma
1819 3017 1866 3066 A
1904 3014 1984 3081 0ss
2023 3017 2124 3066 138
2164 3030 2337 3082 quam

197 3097 317 3152 eqo.-
356 3099 468 3152 qua
505 3087 541 3134 0
577 3099 611 3134 a
636 3084 656 3152 ΙΙ
684 3088 786 3137 139
827 3082 948 3148 Quo
978 3113 1046 3123 —
1075 3101 1293 3154 quo—
1330 3085 1458 3138 fuco
1496 3082 1843 3138 Gronouius:
1880 3083 2002 3149 Qua
2030 3115 2097 3123 —
2126 3101 2239 3154 qua
2267 3115 2337 3125 —

196 3155 493 3279 3222.ss
514 3154 2338 3297 nume.sfflss.2..23331„<1323213522„1.aaz

391 3313 428 3348 u

196 3295 462 3420 QuaquLe
478 3300 725 3423 Ίῖΐαῖωη
761 3384 829 3423 ex
866 3374 901 3420 0
937 3369 1092 3425 dedi.
1132 3367 1351 3423 Claudii
1377 3367 1600 3424 Etrusci
1634 3369 1819 3439 pietas
1847 3386 1881 3421 a
1904 3370 1926 3437 11
1954 3374 1984 3423 7
2012 3368 2342 3438 lassataque

193 3435 410 3493 lumina
445 3437 714 3495 Handius
