2517 3909
317 131 439 193 218
987 144 1055 193 Ρ.
1090 143 1360 193 Parnm
1400 143 1636 194 sum

316 301 449 362 Non
488 299 706 361 audere
729 299 939 361 iubet:
981 301 1173 361 neutri
1214 299 1425 362 fidncia
1462 309 1700 380 coopto.

316 385 553 446 Distulit
594 387 680 445 ira
723 403 969 464 preccs;
1012 387 1179 464 ponit
1219 385 1557 446 miserabile
1599 402 1815 464 corpus

316 470 471 530 Ante
512 469 729 548 pede3‚
773 479 1062 549 tergoque
1105 487 1355 548 graves,
1399 487 1546 549 quas
1584 470 1742 531 forte
1780 469 2028 546 gerebat

319 552 572 632 Tigridis
616 556 888 632 exuvias,
934 556 993 615 in
1032 554 1260 616 laevum
1299 564 1535 634 torquet
1579 564 1641 616 et
1676 553 1871 615 obstat

317 637 599 699 Exertum
643 638 945 700 obiectans
983 655 1346 716 mucronem,
1390 642 1567 718 inque
1607 640 1800 700 omnia
1838 639 1961 700 tela

314 722 542 784 Versus
581 733 641 784 et
681 723 755 784 ad
797 725 1041 784 caedan
1085 725 1243 784 iuxta
1285 733 1646 803 moi-temque
1690 731 1957 803 paratus:

315 807 395 869 Ut
435 807 561 883 lea,
607 825 777 887 quam
819 825 1000 870 saevo
1039 808 1259 868 foetam
1300 824 1581 886 pressere
1626 808 1804 870 cubili

317 892 616 953 venantes
656 892 969 971 Numidae,
1014 901 1184 953 natos
1226 902 1430 953 erecta
1472 901 1766 972 superstat

314 975 513 1037 Mente
555 976 662 1038 sub
703 979 924 1039 incerta
944 1022 962 1054 ,
1002 987 1230 1038 torvum
1268 995 1341 1038 ac
1375 977 1711 1038 miserabile
1749 975 2047 1038 frendens.

314 1060 422 1122 Illa
462 1062 693 1140 quidem
732 1062 966 1123 turbare
1009 1061 1225 1141 globos
1270 1071 1332 1123 et
1369 1062 1647 1140 frangero
1682 1076 1879 1122 morsu

317 1145 463 1207 Tela
507 1155 712 1225 queat,
758 1147 865 1207 sed
907 1147 1092 1225 prolis
1131 1163 1295 1207 amor
1334 1146 1599 1208 crudelia
1636 1147 1817 1206 vincit

320 1230 569 1292 Pectora
614 1240 673 1291 et
713 1249 747 1292 a
786 1232 975 1293 media
1014 1231 1240 1293 catulos
1283 1232 1675 1310 circumspicit
1716 1230 1820 1291 ira.

320 1315 397 1376 Et
436 1317 549 1376 iam
591 1315 758 1377 laeva
799 1317 963 1394 viro,
1010 1316 1271 1395 quamvis
1312 1318 1547 1376 saevire
1587 1323 1815 1376 vetaret

318 1400 643 1481 Amphion,
690 1409 895 1479 erepta
933 1417 1170 1478 manus,
1221 1401 1508 1480 puerique
1551 1400 1846 1461 trahuntur

323 1483 439 1545 Ora
483 1486 686 1563 supina
726 1486 940 1556 comis;
986 1504 1156 1546 serus
1195 1495 1334 1546 tunc
1376 1485 1627 1565 denique
1670 1483 1922 1564 supplex

317 1568 589 1630 Demisso
633 1586 908 1630 mucrone
951 1579 1155 1648 rogat.
1211 1569 1638 1647 ‘Moderatius,
1682 1585 1815 1644 oro,

319 1651 566 1731 Ducite,
612 1654 871 1715 fulminei
911 1672 1022 1737 per
1057 1670 1170 1714 vos
1213 1652 1500 1714 cunabula
1538 1653 1755 1714 Bacchi

318 1736 634 1817 Inoamque
671 1738 868 1816 fugam
906 1740 1205 1819 vestrique
1240 1738 1604 1799 Palaemonis
1642 1753 1848 1799 annos.

320 1823 383 1882 Si
430 1824 521 1883 cui
559 1822 712 1884 forte
754 1823 908 1884 domi
949 1833 1214 1885 natorum
1245 1823 1492 1900 gaudia,
1536 1823 1587 1883 si
1632 1823 1764 1901 quis

318 1905 427 1968 Hic
466 1917 663 1988 pater,
710 1909 938 1985 angusti
980 1925 1166 1990 puero
1212 1907 1348 1969 date
1390 1906 1649 1987 pulveris
1693 1906 1931 1968 haustus

318 1991 719 2071 Exiguumque
758 1992 982 2062 facem3
1025 2001 1231 2070 rogat,
1278 2011 1355 2053 en
1396 2000 1567 2069 rogat
1608 1991 1737 2069 ipse
1778 1990 2026 2052 iacentis

317 2075 556 2137 Vultus:
614 2093 727 2153 ego
772 2077 1034 2138 infandas
1074 2078 1273 2157 potior
1306 2077 1524 2137 satiare
1558 2076 1857 2151 volucres,

317 2159 414 2221 Me
458 2161 746 2239 praebete
782 2161 1121 2238 feris,⁸ego
1159 2160 1318 2222 bella
1365 2161 1584 2221 audere
1626 2161 1845 2238 coegi?

446 2245 681 2322 quomo,
729 2247 806 2306 ait
847 2245 1172 2325 Amphion,
1215 2263 1423 2323 regem
1459 2247 1511 2306 si
1549 2254 1706 2306 tanta
1750 2243 1961 2323 cupido

322 2328 625 2407 Condere,
672 2348 823 2410 quae
861 2331 1078 2391 timidis
1117 2328 1261 2390 belli
1302 2346 1505 2407 mens,
1548 2329 1692 2405 ede,
1737 2328 2027 2406 Pelasgis,

320 2414 470 2488 Quid
512 2415 683 2476 fracti
724 2430 1139 2493 exanguesque
1177 2423 1416 2494 parent,
1469 2423 1678 2475 cuncta
1722 2414 1887 2474 ocius
1931 2414 2099 2488 effer,

316 2497 394 2559 Et
429 2499 546 2560 vita
585 2500 922 2579 tumuloque
963 2499 1128 2559 ducis
1167 2499 1414 2560 dunatus
1451 2498 1657 2560 abito)

317 2583 583 2661 Horruit,
631 2593 689 2644 et
725 2593 851 2645 toto
893 2583 1240 2664 praecordia
1281 2584 1546 2662 protinus
1587 2583 1776 2643 Areas

316 2666 568 2746 Inplevit
607 2668 839 2749 capulo.
922 2669 1323 2730 ‘Summumne
1366 2668 1482 2728 hoc
1519 2666 1812 2744 cladibus,
1856 2669 2063 2746 inquit,

316 2750 567 2828 Deerat,
608 2762 669 2813 ut
713 2753 962 2814 afflictos
999 2763 1296 2832 turparem
1334 2769 1450 2852 ego
1496 2753 1760 2831 proditor
1797 2750 2044 2829 Argos?

315 2835 412 2898 Nil
452 2839 689 2898 emimus
727 2838 905 2915 tanti,
949 2856 1066 2898 nec
1099 2839 1187 2899 sic
1227 2837 1374 2898 velit
1416 2838 1546 2916 ipse
1590 2838 1886 2897 cremari?

444 2922 544 2983 Sic
588 2923 699 2998 ait,
748 2930 808 2982 et
843 2940 1052 3001 magno
1095 2923 1455 3001 proscissum
1493 2921 1738 2983 vulnere
1778 2930 1992 3000 pectus

314 3005 521 3066 Iniecit
562 3023 748 3085 puero
794 3024 1184 3087 supremaque
1213 3024 1500 3067 murmura
1541 3005 1819 3067 volvens:

317 3090 479 3150 ‘Hoc
522 3099 713 3151 tamen
749 3091 973 3152 interea
1016 3108 1154 3152 caro
1201 3093 1432 3170 petiere
1475 3090 1798 3169 sepulcro!

316 3174 492 3235 Tales
531 3177 751 3256 *optatis
791 3193 997 3253 regum
1032 3177 1091 3234 in
1135 3175 1541 3255 complexibus
1581 3174 1771 3251 ambo,

313 3258 425 3318 Par
465 3260 695 3336 insigne
737 3261 970 3335 animis,
1019 3258 1268 3319 Aetolus
1304 3268 1367 3319 et
1408 3259 1643 3319 inclitus
1675 3258 1865 3320 Arcas

315 3340 607 3419 Egregius
642 3342 845 3402 'efflant
875 3344 1097 3402 animas
1136 3343 1377 3421 letoque
1418 3343 1700 3404 fruuntur.

311 3423 437 3484 Vos
483 3443 715 3504 quoque
757 3427 999 3503 sacrati,
1057 3429 1314 3505 quamvis
1357 3446 1487 3489 mea
1524 3429 1795 3490 carmina·
1820 3437 2062 3507 surgant

2215 481 2325 536 410

2214 903 2322 959 415

2215 1323 2328 1378 420

2173 2139 2358 2223 sao·
