2517 3909
172 134 257 199 88
917 136 979 191 Ρ.
1017 137 1297 193 ΡΑΡΙΝΠ
1333 137 1574 193 STATII

171 280 367 368 Apta,
412 283 582 367 quod
628 283 698 347 in
744 282 981 368 digitis,
1029 283 1195 348 collo
1243 282 1417 368 quod
1463 283 1723 369 dignius
1772 306 2017 352 aurum.

172 369 382 438 Norat
427 373 727 438 caelestis
777 373 997 440 oculos
1046 372 1224 437 ducis
1270 373 1541 457 ipsaque
1585 373 1809 439 taedas

170 460 478 526 Iunxerat
522 464 588 527 et
631 461 828 546 plena
872 460 1136 527 dederat
1180 461 1461 527 conubia
1505 461 1750 529 dextra.

174 548 281 616 Sic
329 554 521 629 ornat
566 549 794 635 crineS‚
838 550 1073 634 Tyrios
1121 551 1214 615 sic
1259 550 1474 615 fundit
1519 551 1810 637 amictus,
2241 567 2311 617 55

170 638 305 705 Dat
348 639 566 704 radios
611 639 956 725 ignemque
1004 662 1210 705 suum.
1304 659 1551 705 cessere
1596 641 1845 724 priores

170 728 460 795 Deliciae
505 727 948 813 famulumque
996 748 1253 813 greges3
1297 729 1405 794 hic
1449 728 1687 814 pocula
1729 750 1969 815 magno

168 816 391 883 Prima
435 817 584 882 duci
629 838 1008 903 murrasque
1056 838 1289 902 graues
1344 819 1778 903 crystallaque
1823 821 2045 904 portat

171 905 556 972 Candidiore
601 928 825 971 manu.
873 907 1106 973 crescit
1147 928 1323 971 noua
1359 908 1574 993 gratia
1600 905 1879 975 BacchO.

170 993 332 1061 Care
377 1017 558 1080 puer,
605 995 853 1080 superis
901 995 1013 1080 qui
1056 996 1418 1080 praelibare
1459 991 1811 1062 uerendum
2002 1053 2011 1066 .
2242 1011 2314 1063 60

131 1103 136 1106 ’
168 1082 415 1151 Nectar
460 1087 527 1150 et
569 1084 905 1170 ingentem
948 1085 1190 1150 totiens
1236 1085 1615 1172 contingere
1662 1085 1955 1152 dextram

168 1174 458 1257 Electus,
505 1194 699 1258 quam
742 1194 937 1239 nosse
984 1171 1207 1258 Getae,
1254 1196 1451 1259 quam
1496 1178 1768 1260 tangere
1811 1174 2053 1240 Persae

167 1223 588 1346 Armeniique
634 1261 907 1346 Indique
951 1224 1301 1346 petunth
1349 1263 1554 1329 sidere
1600 1263 1829 1331 dextro

167 1350 378 1436 Edite‚
423 1351 635 1416 multa
676 1350 799 1416 tibi
845 1350 1070 1416 diuum
1112 1351 1522 1437 indulgentia
1564 1353 1762 1419 fauit!

171 1439 346 1506 Olim
392 1440 609 1523 etiam,
653 1460 736 1504 ne
781 1439 995 1523 prima
1039 1460 1239 1525 genas
1286 1442 1531 1527 lanugo
1574 1443 1857 1509 nitentes
2241 1454 2313 1507 65

170 1527 479 1613 Carperet
524 1531 593 1594 et
635 1529 945 1612 pulchrae
989 1529 1274 1597 fuscaret
1316 1531 1535 1615 gratia
1577 1530 1845 1615 formae,

167 1615 316 1702 Ipse
363 1617 517 1682 deus
564 1617 815 1702 patriae
862 1618 1101 1683 celsam
1137 1622 1320 1683 trans
1367 1641 1648 1705 aequora
1687 1582 1880 1706 liquit

169 1705 555 1792 Pergamon.
644 1707 809 1772 haut
851 1707 971 1771 ulli
1014 1728 1289 1791 puerum
1332 1709 1586 1775 mollire
1630 1713 1921 1794 potestas

170 1792 454 1880 Credita,
501 1796 612 1861 sed
658 1795 861 1861 tacita
905 1796 1157 1862 iuuenis
1202 1796 1568 1864 Phoebeius
1615 1803 1753 1863 arte

166 1882 427 1949 Leniter
471 1885 635 1950 haut
678 1886 811 1950 ullo
860 1907 1246 1954 concussum
1293 1886 1560 1951 uulnere
1606 1908 1839 1970 corpus
2242 1902 2319 1952 70

130 2004 134 2008 ·
165 1972 265 2038 De
313 1995 468 2039 sexu
512 1974 790 2040 transire
835 1975 1033 2040 iubet.
1122 1980 1347 2040 tamen
1393 1975 1587 2039 anxia
1632 1975 1803 2041 curis

165 2061 499 2128 Mor-detur
542 2063 851 2148 puerique
896 2063 1087 2129 timet
1133 2060 1461 2147 Cytherea
1507 2063 1781 2130 dolores.

165 2150 475 2217 Nondum
518 2151 791 2236 pulchra
836 2151 1016 2217 ducis
1063 2151 1409 2217 clementia
1453 2156 1757 2236 coeperat
1800 2157 1950 2219 ortu

166 2240 459 2307 Intactos
508 2261 768 2305 seruare
813 2261 1055 2323 mares3
1098 2261 1276 2305 nunc
1319 2241 1624 2327 frangere
1666 2263 1894 2307 sexum

165 2329 383 2415 Atque
428 2328 766 2394 hominem
810 2331 1062 2393 mutare
1103 2329 1318 2413 nefas;
1365 2330 1717 2415 gauisaque
1761 2334 1936 2398 totos
2240 2346 2314 2398 75

166 2416 343 2494 Quos
389 2417 615 2503 genuit
658 2419 895 2484 natura
938 2417 1130 2502 uidet,
1175 2439 1297 2483 nec
1341 2419 1484 2504 lege
1532 2419 1798 2484 sinistra

163 2504 358 2571 Ferre
402 2506 640 2570 timent
682 2507 967 2574 famulae
1013 2510 1321 2572 natorum
1365 2507 1653 2590 pondera
1696 2511 1955 2574 matres.

167 2595 267 2660 Tu
311 2616 584 2680 quoque,
627 2615 802 2660 nunc
847 2596 1119 2678 iuuenis,
1166 2596 1425 2680 genitus
1472 2595 1528 2660 si
1571 2596 1821 2662 tardius
1869 2618 2063 2682 esses,

163 2683 648 2768 Umbratusque
696 2704 898 2769 genas
946 2687 1012 2749 et
1055 2684 1312 2750 adultos
1355 2684 1591 2750 fortior
1634 2688 1834 2769 artus,

163 2772 316 2839 Non
360 2794 562 2839 unum
610 2773 900 2859 gaudens
946 2772 1251 2839 Phoebea
1299 2773 1379 2837 ad
1423 2773 1652 2854 limina
1695 2796 1929 2839 munus
2240 2791 2313 2842 80

165 3006 591 3015 n———-—-———--—

306 3202 374 3252 58
411 3213 740 3266 murrasque
780 3202 840 3250 c:
878 3211 1205 3266 myrrasque
1243 3213 1278 3247 a
1318 3199 1326 3260 Ι
1367 3210 1567 3264 graues
1606 3202 1641 3248 c
1677 3214 1735 3250 a:
1772 3213 1913 3266 puer
1951 3202 1987 3251 ς
2022 3199 2044 3267 ΙΙ
2084 3203 2153 3254 59
2192 3216 2312 3257 ma-

163 3270 258 3324 lim
297 3266 635 3324 Candidiora
669 3269 689 3337 u
727 3273 793 3323 66
835 3266 1138 3337 Spargeret
1175 3267 1389 3321 Markl.
1425 3268 1445 3336 11
1481 3274 1549 3322 68
1586 3266 1693 3321 ulli
1728 3271 1801 3321 A:
1839 3268 1928 3324 illi
1965 3275 2000 3321 c
2026 3272 2048 3340 ΙΙ
2077 3275 2148 3326 70
2185 3287 2311 3327 cor-

160 3358 266 3410 pus
302 3338 388 3393 A*
425 3345 486 3392 σε
523 3342 752 3410 torpens
791 3344 827 3393 ς
864 3341 884 3408 ΙΙ
924 3344 991 3393 ’14
1038 3354 1232 3393 sexum
1268 3341 1315 3390 Δ
1351 3343 1411 3391 G:
1451 3354 1585 3393 saxo
1623 3342 1659 3392 ς
1694 3340 1714 3408 ΙΙ
1752 3345 1819 3395 75
1857 3341 2009 3397 totos
2045 3342 2160 3408 (uel
2197 3343 2313 3399 sal-

165 3414 288 3482 uos)
325 3412 525 3480 scripsi
562 3411 595 3467 l.
636 3412 672 3466 l.
702 3427 765 3481 p·
803 3414 948 3467 256:
988 3410 1134 3466 solos
1173 3415 1208 3461 c
1246 3427 1281 3461 a
