2517 3909
810 159 1209 210 rnnmmos
1252 162 1394 210 ΜΒ.
1440 162 1507 210 V.
2103 154 2184 217 97

184 321 522 384 Cessavere
562 335 755 381 novae
794 318 1068 399 perfecto
1108 318 1240 379 sole
1282 319 1586 380 tenebrae.
2084 336 2185 389 180

185 410 334 469 Sera
377 416 569 467 tamen
603 404 816 466 mundo
853 412 1138 465 venerunt
1178 413 1371 481 astra,
1420 405 1526 467 sed
1569 406 1684 467 illis

183 491 262 554 Et
303 492 486 552 Paros
527 499 587 551 et
627 505 940 551 nemorosa
975 487 1206 549 Thasos
1244 488 1610 571 crebraeque
1644 491 1910 552 relucent

189 576 510 655 Cycladesg
546 592 660 635 una
702 576 866 653 gravi
908 574 1138 655 penitus
1182 574 1327 634 latet
1369 573 1576 637 obruta
1616 577 1790 636 coelo

183 663 468 737 Lemnos,
513 660 570 719 in
600 659 750 720 hanc
777 661 973 720 tristes
1003 657 1290 737 nebulae,
1323 669 1381 719 et
1413 660 1588 739 plaga
1620 679 1799 723 caeca
1829 682 2083 744 superne

185 747 458 821 Texitur,
503 763 617 805 una
657 745 830 822 vagis
858 744 1106 804 Lemnos
1148 760 1264 803 non
1307 745 1499 822 agnita
1541 749 1747 807 nautis.
2081 760 2181 816 185

312 830 466 891 ‘Iam
496 827 763 890 domibus
791 829 904 890 fusi
934 838 995 890 et
1021 845 1319 889 nemorum
1351 847 1461 909 per
1493 847 1681 910 opaca
1716 850 2013 894 sacrorum

182 915 414 977 Ditibus
460 914 759 993 indulgent
802 913 994 993 epulis
1033 923 1401 994 vacuantque
1438 915 1727 994 profundo

185 1002 406 1062 Aurum
452 1000 677 1059 inmane
720 1015 916 1075 mero,
961 998 1094 1059 dum
1139 1017 1290 1079 quae
1336 1017 1445 1079 per
1489 1001 1795 1077 Strymona
1838 1020 2093 1083 pugnae,

186 1086 330 1161 Quis
369 1083 660 1163 Rhodope
698 1083 979 1161 gelidove
1018 1082 1187 1145 labor
1228 1084 1466 1145 sudatus
1509 1086 1566 1145 in
1607 1085 1852 1162 Haemo,

183 1169 543 1231 Enumerare
585 1177 774 1229 vacat.
862 1166 991 1229 Nec
1033 1185 1181 1245 non,
1225 1186 1428 1230 manus
1467 1169 1655 1250 inpia,
1700 1182 1915 1252 nuptae
2084 1182 2182 1237 190

186 1257 360 1316 Serta
401 1255 553 1314 inter
593 1251 894 1333 festasque
938 1253 1154 1332 dapes,
1193 1269 1311 1333 qno
1354 1255 1600 1315 maxima
1647 1256 1805 1316 cultu

185 1340 476 1419 Quaeque
520 1340 740 1408 iacent;
781 1337 1025 1399 dederat
1063 1339 1234 1399 mites
1278 1336 1570 1415 Cytherea
1607 1358 1877 1420 suprema

181 1424 376 1485 Nocte
419 1424 612 1502 viros,
652 1423 951 1502 longoque
994 1420 1236 1484 brevem
1281 1433 1417 1504 post
1455 1433 1722 1505 tempore
1771 1445 1977 1506 pacem

183 1509 585 1589 Nequicquam
631 1516 693 1570 et
727 1509 976 1567 miseros
1022 1508 1285 1587 perituro
1330 1506 1632 1570 afflaverat
1676 1511 1814 1588 igni.

308 1591 690 1654 ‘Conticuere
738 1592 934 1668 chori,
975 1591 1221 1671 dapibus
1265 1591 1523 1672 ludoque
1564 1594 1763 1656 licenti
2082 1608 2179 1663 195

185 1679 278 1740 Fit
321 1678 560 1755 modus,
608 1686 668 1738 et
712 1679 934 1757 primae
980 1676 1334 1737 decrescunt
1369 1695 1655 1740 murmura
1699 1681 1911 1756 noctis,

185 1763 374 1838 Quum
419 1763 836 1840 consanguinei
880 1762 1088 1822 mixtus
1136 1762 1386 1840 caligine
1428 1762 1532 1824 leti

183 1847 347 1909 Rore
388 1848 624 1908 madens
667 1846 874 1924 Stygio
918 1847 1251 1907 morituram
1296 1846 1665 1927 amplectitur
1709 1847 1909 1909 urbem

187 1935 464 2008 Somnus,
510 1940 569 1992 et
612 1930 905 2011 inplacido
950 1930 1135 1992 fundit
1174 1932 1378 2011 gravia
1424 1932 1541 1993 otia
1585 1943 1766 1992 cornu

185 2018 574 2094 Secernitque
617 2017 798 2076 viros.
884 2015 1142 2094 Vigilant
1187 2024 1521 2098 nuptaeque
1565 2036 1859 2097 nurusque
2078 2031 2182 2084 200

185 2102 250 2163 In
294 2101 527 2178 scelus,
575 2109 747 2181 atque
790 2099 1010 2160 hilares
1058 2110 1268 2162 acuunt
1312 2101 1439 2163 fera
1484 2102 1606 2164 tela
1652 2119 1911 2164 sorores.

183 2186 466 2247 Invasere
509 2184 707 2262 nefas,
752 2193 963 2245 cuncto
1009 2204 1112 2246 sua
1156 2195 1364 2264 regnat
1408 2184 1622 2263 Erinys

181 2272 464 2332 Pectore:
505 2287 621 2331 non
658 2270 830 2331 aliter
865 2267 1174 2346 Scythicos
1219 2281 1476 2332 armenta
1522 2290 1633 2352 per
1673 2291 1850 2351 agros

183 2356 490 2433 Hyrcanae
531 2354 799 2416 clausere
837 2355 1004 2431 leae,
1044 2374 1188 2435 quas
1231 2357 1415 2436 exigit
1459 2366 1588 2418 ortu

184 2441 369 2502 Prima
407 2440 629 2517 fameS,
675 2439 945 2520 avidique
988 2440 1280 2520 inplorant
1319 2442 1501 2502 ubera
1542 2442 1680 2502 nati.
2075 2454 2177 2510 205

309 2524 502 2599 ‘Quos
543 2523 679 2602 tibi,
715 2542 843 2584 nam
887 2523 1119 2602 dubito,
1167 2525 1461 2586 scelerum
1504 2526 1579 2587 de
1623 2526 1783 2587 mille
1828 2528 2028 2606 liguris

181 2610 509 2690 Expediam
554 2607 768 2670 casus?
819 2608 1105 2668 Helimum
1145 2611 1454 2671 temeraria
1500 2610 1699 2688 Gorge

181 2695 489 2756 Evinctum
524 2695 699 2754 ramis
745 2693 979 2772 altaque
1016 2695 1075 2752 in
1114 2695 1273 2754 mole
1314 2704 1574 2774 tapetum

180 2778 491 2841 Efflantem
532 2791 736 2839 somno
777 2779 1104 2838 crescentia
1144 2780 1310 2857 vina,
1352 2789 1691 2860 superstans

180 2864 443 2926 Vulnera
487 2863 732 2924 disiecta
771 2863 1007 2923 rimatur
1044 2872 1249 2942 veste,
1294 2865 1402 2926 sed
1438 2866 1596 2926 illum
2073 2882 2179 2935 210

178 2949 395 3011 Infelix
438 2963 622 3029 sopor
658 2947 888 3009 admota
935 2945 1041 3007 sub
1078 2957 1266 3009 morte
1304 2949 1540 3028 refugit.

182 3034 471 3096 Turbidus
519 3034 919 3111 incertumque
962 3031 1152 3092 oculis
1194 3033 1569 3112 vigilantibus
1619 3036 1845 3098 hostem

180 3119 450 3198 Occupat
491 3117 790 3198 amplexu,
828 3135 942 3178 nec
981 3118 1224 3195 segnius
1257 3118 1363 3180 illa
1406 3122 1657 3182 tenentis

179 3204 343 3265 Pone
386 3203 565 3281 adigit
610 3212 838 3280 costas,
886 3203 1077 3264 donec
1122 3220 1224 3264 sua
1267 3213 1511 3283 pectora
1556 3205 1716 3266 ferro

180 3288 501 3366 Tangeret.
588 3286 648 3349 Is
691 3286 917 3348 demum
962 3287 1178 3349 sceleri
1216 3287 1455 3362 modus;
1500 3307 1604 3351 ora
1651 3290 1877 3370 supinat
2073 3301 2176 3356 215

177 3372 433 3435 Blandus
466 3371 685 3450 adhuc,
728 3372 1032 3453 oculisque
1065 3382 1324 3435 tremens
1353 3383 1414 3436 et
1450 3392 1737 3435 murmure
1770 3375 2007 3453 Gorgen

180 3458 461 3536 Quaerit,
508 3465 568 3519 et
610 3456 848 3537 indigno
891 3474 1010 3519 non
1054 3459 1232 3521 solvit
1276 3458 1513 3521 brachia
1559 3457 1738 3520 collo.

276 3562 550 3608 sumus
593 3563 665 3606 11.
1808 3544 1845 3603 7
