2517 3909
812 149 1226 202 menapos.
1253 151 1392 200 Lm.
1437 150 1512 200 11.
2078 133 2157 201 37

159 308 367 387 Teque
413 306 611 386 etiam,
654 306 889 386 infelix,
930 306 1274 389 perhibent,
1318 307 1582 385 Iocasta,
1626 306 1902 369 decorum

163 392 509 455 Possedisse
554 394 756 463 nefas3
796 392 987 454 vultus
1031 393 1143 454 hac
1179 393 1352 454 laude
1394 392 1660 469 colebas,
1850 412 1855 415 ·
2051 403 2156 460 295

161 477 289 539 Heu
332 476 576 558 quibus,
619 478 734 539 heu
777 478 1061 558 placitura
1098 478 1273 538 toris!
1322 480 1456 556 post
1498 477 1732 556 longior
1770 478 1948 548 ordo;

166 563 329 624 Tunc
369 561 535 623 donis
578 563 762 640 Argia
804 563 947 623 nitet
985 564 1250 642 vilesque
1296 563 1518 623 sororis

166 648 413 709 Ornatus
456 665 626 708 sacro
672 647 971 727 praeculta
1015 647 1353 726 supervenit
1390 663 1555 710 auro.

287 731 530 793 Viderat
564 732 679 793 hoe
721 734 930 793 coniux
974 732 1215 813 perituri
1256 731 1405 792 vatis
1447 740 1509 792 et
1549 748 1679 791 aras

165 817 318 878 Ante
362 832 563 877 omnes
608 817 926 897 epulasque
963 826 1182 877 trucem
1221 813 1456 877 secreta
1496 816 1817 896 coquebat‘
1851 836 1857 844 “
2053 827 2158 881 300

165 900 471 979 Invidiam,
516 903 708 963 saevis
753 901 918 963 detur
960 902 1011 961 si
1053 901 1281 980 quando
1324 900 1497 980 potiri

164 984 463 1063 Cultibus,
510 986 625 1047 heu
666 985 807 1047 nihil
854 986 1107 1064 auguriis
1150 986 1341 1046 adiuta
1389 985 1748 1065 propinquis.

163 1070 330 1145 Quos
373 1079 536 1150 optat
578 1072 855 1149 gemitus,
902 1078 1143 1150 quantas
1184 1071 1345 1149 cupit
1378 1071 1532 1150 inpia
1577 1070 1804 1132 clades!
1817 1085 1823 1092 ’

161 1154 354 1234 Digna
390 1155 653 1234 quidem,
699 1153 803 1215 sed
849 1154 987 1235 quid
1022 1155 1219 1215 miseri
1264 1153 1523 1235 decepta,
1555 1155 1743 1216 mariti
1785 1161 1790 1165 ’

164 1239 373 1317 Arma,
418 1240 555 1319 quid
596 1238 855 1301 insontes
888 1240 1006 1300 nati
1046 1256 1316 1300 meruere
1358 1236 1635 1301 furores?
1891 1258 1898 1267 ·
2053 1247 2157 1303 305

292 1323 883 1404 Postquamre'gales
927 1324 1130 1403 epulas
1173 1333 1233 1384 et
1276 1323 1486 1401 gaudia
1528 1324 1688 1403 vulgi
1840 1345 1845 1350 ·

164 1408 397 1470 Bisseni
443 1408 675 1469 clusere
711 1406 880 1485 dies,
914 1407 1197 1469 lsmenius
1236 1407 1417 1469 heros
1618 1435 1622 1439 ·
1777 1425 1783 1432 ·

165 1492 488 1573 Respicere
532 1493 605 1554 ad
644 1493 878 1555 Thebas
918 1494 1146 1573 iamque
1193 1502 1253 1553 et
1290 1511 1395 1553 sua
1440 1510 1730 1572 quaerere
1771 1489 1972 1570 regn‘a.

164 1577 397 1658 Quippe
438 1579 681 1640 animum
724 1577 878 1639 subit
915 1578 1015 1641 illa
1059 1578 1218 1655 dies,
1267 1595 1410 1657 qua,
1456 1586 1618 1638 sorte
1656 1577 1905 1656 benigna

162 1661 417 1739 Fratris,
462 1662 743 1725 Echionia
785 1671 1027 1723 steterat
1069 1663 1328 1741 privatus
1367 1663 1425 1722 in
1467 1662 1622 1738 aula,
1675 1678 1679 1685 ·
2054 1672 2158 1726 310

164 1747 510 1827 Respiciens
553 1747 818 1809 descisse
859 1746 1006 1808 deos
1046 1746 1398 1827 trepidoque
1439 1746 1680 1807 tumultu
1846 1763 1850 1769 ·

161 1831 439 1911 Dilapsos
478 1834 757 1909 comites,
796 1831 1005 1892 nudum
1048 1831 1199 1892 latus
1236 1849 1407 1892 omne
1449 1827 1787 1910 fugamque

162 1916 473 1978 Fortunae.
552 1916 815 1997 Namque
858 1933 967 1977 una
1005 1933 1177 1977 soror
1217 1916 1547 1996 producere
1588 1916 1785 1976 tristes
1842 1912 1847 1920 ’
1901 1928 1910 1941 ’

162 1999 367 2063 Exulis
414 2018 552 2064 ausa
596 2004 753 2078 vias,
798 2001 968 2063 etiam
1006 2002 1156 2063 hanc
1194 2002 1250 2061 in
1294 2001 1487 2062 limine
1531 2002 1717 2079 primo

164 2084 439 2166 Liquerat
477 2096 536 2148 et
572 2104 777 2165 magua
821 2087 1088 2149 lacrimas
1111 2087 1451 2147 incluserat
1492 2086 1596 2146 ira.
2055 2093 2156 2148 315

165 2169 327 2232 Tunc
371 2189 518 2251 quos
560 2173 860 2233 excedens
897 2171 1146 2248 hilares,
1192 2172 1322 2251 quis
1365 2170 1554 2231 cultus
1596 2169 1774 2249 iniqui

165 2254 517 2335 Praecipuus
550 2256 756 2334 ducis,
805 2266 865 2317 et
909 2256 1162 2336 profugo
1208 2274 1359 2336 quos
1394 2256 1524 2334 ipse
1567 2264 1797 2316 notarat

163 2338 526 2417 Ingemuisse
569 2339 711 2417 sibi,
754 2358 865 2421 per
905 2350 1140 2401 noctem
1184 2359 1256 2401 ac
1283 2341 1432 2401 -luce
1477 2338 1584 2399 sub
1629 2341 1782 2400 omni

162 2423 420 2503 Digerit;
464 2423 721 2485 exedere
763 2426 1005 2486 animum
1038 2425 1210 2485 dolor
1251 2426 1453 2504 iraque
1496 2423 1756 2501 demens,

164 2507 275 2586 Et,
320 2527 431 2588 qua
473 2527 590 2569 non
631 2511 867 2587 gravior
903 2509 1243 2569 mortalibus
1287 2506 1476 2569 'addita
1521 2523 1703 2586 cura,
2055 2519 2159 2573 320

165 2594 355 2673 Spes,
392 2592 489 2654 ubi
533 2594 710 2672 longa
746 2595 921 2654 venit.
1007 2594 1207 2654 Talem
1251 2592 1359 2652 sub
1399 2601 1644 2671 pectore
1685 2592 1894 2655 nubem

163 2675 432 2739 Consilio
477 2679 722 2740 volvens
765 2678 982 2739 Dircen
1027 2676 1344 2757 Cadmique
1387 2686 1629 2756 negatas

164 2761 429 2841 Apparat
465 2764 554 2824 ire
591 2764 815 2824 domos.
890 2760 1085 2823 Veluti
1123 2761 1240 2823 dux
1281 2770 1513 2840 taurus,
1558 2771 1744 2825 amata

161 2846 339 2908 Valle
384 2864 623 2925 carens,
667 2847 894 2927 pulsum
936 2848 1112 2909 solito
1152 2865 1323 2927 quem
1360 2847 1619 2926 gramine
1654 2849 1843 2910 victor

164 2930 344 2993 lussit
386 2931 460 2993 ab
507 2942 711 3012 erepta
751 2932 930 3011 longe
969 2931 1194 3011 'mugire
1234 2933 1500 3011 iuvenca,
2055 2945 2155 2997 325

169 3015 359 3091 Quum
400 3018 652 3097 profugo
697 3017 977 3097 placuere
1019 3017 1132 3077 tori
1176 3018 1497 3098 cervixque
1540 3027 1814 3098 recepto·

166 3102 461 3179 Sanguine
498 3119 702 3180 magna
744 3102 895 3163 redit
936 3099 1277 3182 fractaeque
1323 3104 1380 3163 in
1417 3112 1662 3183 pectore
1696 3102 1881 3162 vires:

166 3185 334 3246 Bella
375 3188 534 3267 cupit
576 3187 874 3267 saltusque
909 3194 969 3247 et
1014 3197 1181 3266 capta
1225 3197 1481 3252 armenta
1524 3187 1806 3267 reposcit,

168 3270 289 3331 Iam
330 3270 514 3351 pede,
544 3271 672 3332 'iam
718 3289 897 3332 cornu
939 3271 1180 3349 melior,
1221 3281 1400 3352 pavet
1440 3272 1569 3352 ipse
1607 3287 1907 3332 reversum

161 3353 404 3431 Victor,
453 3364 511 3416 et
553 3357 785 3417 attoniti·
818 3358 917 3417 vix
960 3354 1258 3436 agnovere
1302 3358 1579 3435 magistri.
1839 3412 1845 3416 .
2055 3365 2159 3417 331]

289 3436 422 3499 Non
464 3439 607 3502 alias
646 3442 824 3503 tacita
866 3443 1087 3503 iuvenis
1130 3439 1512 3509 Theumesius
1551 3442 1670 3502 iras
