2517 3909
909 157 1283 214 summm
1318 158 1379 213 ι..
1418 157 1512 230 1v,
1553 165 1601 214 τ.
2193 157 2318 225 1ιῖ

172 303 305 368 Par
350 304 606 389 magnis
653 300 966 368 Uestinus
1013 304 1172 388 auis,
1218 324 1413 389 quem
1455 308 1645 371 nocte
1692 305 1920 392 dieque

175 392 417 480 Spirat,
462 396 528 457 et
570 393 643 457 in
687 411 878 456 carae
922 392 1090 457 uiuit
1133 394 1576 478 complexibus
1622 396 1909 461 umbrae.
2249 412 2318 461 95

173 481 302 547 Hic
345 482 551 568 igitur
591 481 716 546 tibi
760 482 933 546 laeta
978 482 1179 567 quies,
1224 482 1580 548 fortissime
1622 483 1867 570 diuum,

173 571 422 657 Alcide,
470 591 590 636 nec
634 570 810 635 bella
854 570 1036 636 uides
1082 591 1464 668 pugnasque
1508 571 1777 657 feroces,

176 658 304 725 Sed
350 660 589 744 chelyn
636 663 702 724 et
745 660 946 725 uittas
995 664 1059 725 et
1106 659 1417 726 amantes
1447 662 1735 727 carmina
1778 662 2022 727 laurus.

175 748 304 815 Hic
346 749 472 815 tibi
519 749 817 815 sollemni
862 750 1250 814 memorabit
1294 751 1568 836 pectine,
1614 754 1897 836 quantus

173 838 408 904 Iliacas
455 837 844 923 Geticasque
888 838 1116 905 domos
1163 842 1573 925 quantusque
1617 839 1902 904 niualem
2221 857 2323 905 100

176 926 611 1013 Stymphalon
655 930 1063 1013 quantusque
1108 927 1280 1014 iugis
1324 927 1783 1014 Erymanthon
1828 929 2089 1014 aquosis

176 1016 529 1100 TerrueriS‚
575 1038 765 1101 quem
808 1022 874 1081 te
919 1017 1171 1101 pecoris
1217 1038 1557 1102 possessor
1600 1016 1849 1102 Hiberi,

177 1105 392 1183 Quem
429 1106 653 1170 tulerit
706 1127 935 1170 saeuae
981 1104 1373 1172 Mareoticus
1422 1107 1664 1172 arbiter
1709 1128 1876 1172 arae.

174 1194 305 1260 Hic
347 1197 690 1279 penetrata
733 1194 852 1259 tibi
903 1195 1313 1280 spoliataque
1366 1196 1594 1260 limina
1640 1197 1870 1262 mortis

178 1282 495 1349 Concinet
539 1287 606 1348 et
649 1283 877 1348 flentes
921 1283 1165 1367 Libyae
1211 1282 1644 1370 Scythiaeque
1688 1281 1955 1369 puellas.
2221 1300 2323 1350 105

177 1370 316 1437 Nec
361 1376 431 1437 te
473 1375 785 1458 regnator
829 1371 1153 1438 Macetum
1199 1394 1320 1439 nec
1365 1373 1682 1438 barbarus
1725 1393 2036 1459 umquam

175 1458 517 1527 Hannibal
563 1464 675 1526 aut
720 1461 897 1526 saeui
941 1465 1165 1546 posset
1207 1484 1339 1528 uox
1383 1461 1649 1528 horrida
1694 1461 1911 1529 Sullae

174 1549 297 1615 His
343 1550 670 1615 celebrare
714 1550 940 1615 modis.
1012 1555 1184 1616 certe
1227 1555 1303 1616 tu
1349 1552 1635 1616 muneris
1682 1544 1906 1618 auctor

174 1638 328 1706 Non
376 1640 527 1705 aliis
573 1640 802 1748 malles
837 1640 1071 1725 oculis,
1115 1638 1419 1727 Lysippe‚
1464 1640 1744 1725 probari.

1175 1833 1323 1900 VH.

591 1974 739 2029 ODE
773 1973 1045 2029 LYRICA
1081 1974 1183 2028 AD
1222 1974 1495 2030 UINIUM
1533 1974 1909 2040 MAXIMUM.

498 2101 638 2167 Iam
686 2102 796 2167 diu
839 2102 975 2168 lato
1024 2101 1308 2185 spatiata
1354 2122 1583 2187 campo

504 2189 720 2257 Fortis
764 2190 1018 2275 heroos,
1063 2189 1290 2275 Eram,
1335 2191 1593 2257 labores

499 2278 705 2347 Differ
750 2285 943 2365 atque
989 2280 1223 2366 ingens
1271 2302 1433 2365 opus
1479 2280 1549 2345 in
1593 2278 1879 2345 minores

819 2367 1150 2435 Contrahe
1197 2389 1414 2455 gyros.

499 2546 721 2632 Tuque
767 2550 1076 2632 regnator
1120 2547 1364 2631 lyricae
1411 2546 1699 2612 cohortis
2226 2597 2232 2608 .
2293 2561 2326 2611 5

496 2633 599 2699 Da
642 2636 801 2700 noui
843 2637 1111 2720 paulum
1154 2636 1319 2701 mihi
1364 2636 1506 2701 iura
1551 2635 1806 2721 plectri,

499 2721 571 2793 Si
611 2727 760 2789 tuas
808 2727 1001 2789 cantu
1047 2723 1237 2789 Latio
1287 2725 1556 2809 sacrani,

815 2813 1117 2899 Pindare‚
1160 2812 1438 2879 Thebas

2190 2989 2229 3034 ff

316 3082 389 3132 94
440 3077 562 3132 auis
608 3076 926 3133 Ammius:
981 3078 1144 3148 aquis
1180 3082 1216 3129 0
1253 3095 1289 3130 α
1332 3078 1352 3147 ΙΙ
1397 3082 1466 3132 99
1512 3076 1736 3146 pectine
1791 3076 2023 3146 scripsi.-
2076 3076 2325 3132 carmine

171 3153 206 3201 0
243 3168 278 3202 ιι
314 3166 344 3204 e
379 3164 548 3204 uersu
578 3149 769 3219 priore
815 3150 836 3219 ΙΙ
882 3154 984 3204 105
1024 3148 1398 3219 Scythiaeque
1435 3152 1481 3201 A
1517 3154 1580 3201 c:
1621 3148 1955 3218 Scythiaeue
1993 3148 2112 3204 edd.
2153 3150 2174 3218 ss
2222 3153 2325 3203 106

168 3218 457 3276 Macetum
493 3225 559 3276 0.
595 3219 896 3275 Macedum
934 3225 970 3275 ς
1008 3239 1043 3273 ιι

317 3292 441 3346 VII.
481 3293 563 3347 In
589 3292 753 3345 titulo
780 3291 996 3346 uiuium
1033 3291 1341 3346 maximum
1379 3294 1425 3343 A
1455 3295 1508 3360 0,
1544 3291 1852 3346 Maximum
1888 3290 2114 3346 Iunium
2150 3291 2270 3346 edd.
2307 3288 2329 3361 ΙΙ

172 3362 495 3489 {swam
525 3368 560 3419 ς
592 3362 890 3417 How-ellus:
928 3362 1142 3418 sociata
1167 3366 1215 3416 A
1242 3368 1280 3414 0
1308 3363 1518 3418 satiata
1546 3366 1582 3417 ς
1609 3366 1631 3433 fl
1657 3369 1689 3417 2
1725 3362 1914 3419 herois
1952 3367 1987 3414 0
2016 3382 2051 3416 ιι
2074 3364 2097 3433 ΙΙ
2121 3368 2155 3418 3
2195 3376 2330 3431 epos

236 3436 449 3491 cincius
