2517 3909
340 142 458 205 118
993 151 1364 203 P.PAP1N11
1407 153 1642 203 snm

337 314 490 375 ‘Hoc
524 312 761 389 saltem,
800 326 835 371 o
868 325 1185 392 proceres,
1230 318 1408 390 tuque
1447 326 1519 387 o,
1563 301 1656 371 c'ui
1692 305 1942 391 'pignore
1978 323 2181 375 nostro
2229 322 2328 400 180

334 400 540 461 Partus
576 396 799 472 Ιιοιιοε,
826 393 1152 495 prohibete
1190 394 1394 473 nefas,
1441 394 1666 456 auferte
1694 401 2019 475 ‘'supi-emis

336 483 612 544 Invisam'
626 481 911 560 exequiis,
1004 478 1154 558 Quid
1197 498 1264 540 se
1306 480 1535 542 funesta
1577 482 1803 560 parenti

336 566 544 628 Miscet
588 575 649 626 et
687 567 747 625 in
789 566 1003 626 nostris
1048 573 1346 646 spectatur
1392 573 1450 625 et
1495 557 1622 643 ipsa
1659 564 1878 627 ruinis?

340 649 447 712 Cui
490 651 655 728 luget
698 650 1004 728 complexa
1049 646 1261 709 suos‘l'
1321 649 1419 711 Sic
1459 649 1576 711 fata
1617 659 1863 730 repente

340 734 640 813 Concidit,
684 734 1058 816 abruptisque
1106 734 1384 795 obmutuit
1424 750 1529 793 ore
1573 734 2327 814 querelis.185

457 819 591 880 Non
630 838 801 879 secus
842 838 911 881 ac
935 820 1137 902 primo
1180 817 1511 880 fraudatum·
1535 816 1717 880 lacte·
1712 815 2071 898 iuvencum,

342 904 449 967 Cui
490 903 751 985 trepidae
794 904 952 964 vires
993 912 1056 964 et
1098 903 1262 963 solus
1306 902 1379 963 ab
1420 901 1605 963 ubere
1650 906 1923 982 sanguis,
2148 899 2157 908 ’

339 993 458 1051 Seu
501 989 665 1064 fera,
718 1006 824 1050 seu
867 989 1040 1049 duras
1071 989 1279 1049 avexit
1324 996 1529 1067 pastor
1567 986 1640 1048 ad
1683 1003 1843 1058 aras:

335 1074 505 1135 Nunc
546 1073 760 1134 vallem
797 1073 1045 1153 spoliata
1087 1090 1335 1153 parem,
1382 1089 1530 1132 nunc
1566 1072 1795 1133 flumina
1834 1081 2074 1160 questu,

336 1157 504 1219 Nunc
548 1167 803 1219 armenta
844 1166 1040 1218 movet
1081 1171 1421 1242 vacuosque
1458 1158 1780 1234 interrogat
1823 1171 2031 1235 agrum
2229 1165 2333 1221 190

339 1241 501 1304 Tunc
544 1244 708 1321 piget
752 1243 836 1302 ire
880 1233 1141 1318 domum,
1182 1250 1529 1341 moestoque
1572 1239 1887 1303 norissima
1931 1255 2140 1350 campo

338 1326 478 1388 Exit
522 1336 583 1388 et
624 1327 925 1426 oppositas
965 1328 1192 1405 inpasta
1235 1327 1514 1386 avertitur
1556 1324 1792 1387 herbas.

363 1431 370 1444 ·
464 1411 543 1471 At
585 1412 815 1488 genitor
860 1413 1195 1490 sceptrique
1236 1409 1419 1471 decus
1461 1405 1767 1491 cultusque
1810 1409 2090 1471 Tonantis

338 1496 504 1556 Inicit
541 1497 671 1574 ipse
716 1497 915 1573 rogiS‚
966 1505 1255 1574 tergoque
1296 1487 1356 1555 et
1400 1504 1644 1574 pectore
1687 1496 1873 1556 fusam

342 1579 677 1641 Caesariem
724 1579 882 1640 ferro
928 1581 1127 1640 minuit
1168 1581 1465 1659 sectisque
1508 1580 1752 1641 iacentis
2020 1621 2025 1628 -
2231 1587 2332 1643 195

343 1663 597 1725 Obnubit
638 1665 831 1724 tenuia
868 1680 971 1724 ora
1017 1666 1230 1741 comis,
1273 1681 1348 1724 ac
1383 1665 1521 1725 talia
1556 1663 1698 1724 fletu

336 1748 536 1810 Verba
579 1750 677 1828 pio
718 1749 997 1809 miscens:
1045 1748 1206 1809 ‘Alio
1247 1748 1388 1826 tibi,
1432 1748 1690 1832 perfide,
1731 1758 1944 1830 pacto,

336 1833 630 1913 Iuppiter,
676 1833 828 1894 hunc
867 1834 1082 1894 crinem
1123 1833 1245 1893 voti
1288 1842 1599 1893 reus-ante
1637 1832 1922 1911 dicar-am,

339 1920 404 1980 Si
443 1920 660 1997 pariter
701 1918 918 1980 virides
952 1919 1068 1979 nati
1106 1917 1294 1978 libare
1338 1917 1607 1979 dedisses

335 2002 431 2064 Ad
473 2012 568 2063 tua
614 2003 828 2081 templa
867 2020 1089 2092 genas,
1134 2002 1242 2062 sed
1286 2019 1404 2061 non
1444 2011 1605 2062 ratus
1643 2019 1747 2062 ore
1787 1997 2105 2078 sacerdos,
2225 2013 2333 2066 200

338 2087 773 2166 Damnataeque
807 2105 1054 2167 preces:
1097 2086 1248 2171 ferat
1279 2087 1459 2162 haec,
1505 2104 1655 2166 quae
1686 2086 1917 2187 dignior
1955 2086 2160 2150 umbra
2191 2096 2303 2148 est.
2304 2090 2329 2120 ⁹

462 2170 580 2233 lam
618 2171 749 2231 face
796 2171 1057 2232 subiecta
1098 2172 1296 2250 primis
1341 2171 1400 2236 in
1441 2169 1742 2231 frondibus
1783 2172 1936 2249 ignis
2070 2185 2077 2190 ²

336 2253 675 2317 Exclamat:
719 2254 922 2316 labor
933 2257 1166 2316 insanos
1210 2273 1416 2315 arcere
1458 2264 1793 2335 parentes
1914 2273 1917 2278 ·

343 2342 507 2401 Stant
551 2341 691 2400 iussi
732 2339 945 2416 Danai,
993 2348 1166 2419 atque
1205 2339 1459 2400 obtentis
1487 2342 1722 2401 eminus
1767 2337 1936 2401 arinis

336 2424 660 2504 Prospectu
703 2425 860 2484 visus
904 2425 1289 2486 interclusere
1338 2419 1587 2485 nefasto.
2192 2432 2332 2488 ‘205

335 2508 599 2570 Ditantur
641 2508 933 2571 flammae·
990 2527 1106 2570 non
1147 2527 1415 2589 umquam
1457 2508 1790 2589 opulentior
1831 2508 1955 2569 illic

336 2592 490 2654 Ante
533 2594 713 2672 ciniS,
717 2596 1044 2674 crepitant
1081 2611 1380 2673 gemmae,
1422 2603 1598 2674 atque
1643 2594 1871 2654 inmane
1911 2593 2187 2674 liquescit

333 2677 687 2755 Argentum,
735 2688 793 2739 et
838 2682 1010 2758 pictis
1047 2680 1259 2740 exudat
1297 2678 1562 2739 vestibus
1601 2691 1824 2747 aurum3

334 2761 463 2822 Nec
506 2780 621 2822 non
659 2723 918 2839 Assyriis
957 2765 1344 2843 pinguescunt
1384 2762 1599 2823 robora
1636 2763 1865 2840 succis,

334 2846 696 2927 Pallentique
740 2865 919 2908 croco
964 2848 1206 2908 strident
1250 2848 1508 2909 ardentia
1544 2847 1752 2924 mella,
1832 2863 1837 2870 ·
2223 2857 2331 2911 21⁰

338 2933 814 3012 Spumantesque
836 2949 1000 2991 mero
1050 2942 1290 3011 paterae
1324 2935 1643 3011 verguntur
1685 2940 1747 2991 et
1785 2932 1897 2992 atri
2034 2931 2045 2940 '

338 3016 642 3094 Sanguinis
688 3025 747 3076 et
787 3017 935 3095 rapti
975 3017 1299 3098 gratissima
1343 3016 1569 3093 cymbia
1604 3016 1792 3076 lactis.

465 3101 625 3163 Tunc
667 3109 893 3179 septem
936 3117 1173 3161 numero
1214 3111 1429 3161 turmas
1467 3133 1554 3147 ·—-
1595 3109 1870 3161 centenus
1909 3098 2126 3180 ubique

337 3184 523 3263 Urget
566 3203 750 3263 eques
791 3217 877 3229 —
917 3179 1107 3247 versis
1150 3186 1361 3246 'ducunt
1399 3185 1718 3263 insignibus
1760 3185 1873 3265 ipsi

339 3268 702 3346 Graiugenae
744 3287 953 3346 regeS,
1000 3269 1354 3349 lustrantque
1400 3287 1474 3330 ex
1513 3287 1678 3331 more
1722 3271 1951 3330 sinistro
2220 3277 2329 3332 215

339 3350 497 3412 Orbe
539 3363 762 3429 rogum'
788 3362 845 3413 et
889 3362 1106 3413 stantes
1146 3354 1421 3416 inclinant
1458 3352 1701 3434 pulrere
1738 3356 2016 3420 flammas.

338 3434 457 3496 Ter
499 3453 709 3498 curvos
750 3453 930 3516 egere
964 3435 1157 3519 sinus,
1199 3435 1482 3520 inlisaque
1524 3439 1658 3500 telis
1736 3443 1743 3456 '

2476 2445 2482 2522 1
