2517 3909
919 123 1321 175 'summos
1363 125 1505 176 Lm.
1541 127 1636 176 1v.
2196 118 2274 178 75

279 280 563 360 Vellera,
607 278 1175 354 frondenticriuit'ur
1220 281 1405 343 cassis
1442 283 1620 360 oliva,

277 366 555 446 Albaque
597 367 876 447 puniceas
921 366 1252 445 interplicat
1293 366 1475 429 infula
1520 369 1748 428 cristas.

276 451 463 513 Arma
505 450 674 512 simul
716 468 1073 531 pressasque
1111 453 1249 529 iugo
1289 452 1625 513 moderatur
1666 450 1944 513 habenas.

276 535 431 596 Hinc
473 543 650 616 atque
694 536 826 596 inde
863 552 1061 596 morae
1105 536 1345 613 iaculis,
1394 546 1453 597 et
1487 535 1686 598 ferrea
1726 554 1897 597 curru
2169 548 2280 603 220

280 620 446 682 Silva
486 622 706 691 tremit;
748 620 958 701 procul
999 621 1130 700 ipse
1168 623 1337 698 gravi
1373 621 1716 683 metuendus
1756 622 1817 681 in
1855 621 2022 685 hasta

281 704 517 766 Eminet
560 714 622 766 et
664 704 862 785 clipeo
901 706 1115 766 victum
1156 705 1417 783 Pythona
1454 715 1743 767 coruscat.

404 788 586 850 Huius
629 788 983 869 Apollineae
1025 806 1254 851 currum
1297 791 1639 852 comitantur
1679 789 1986 869 Amyclae,

279 875 448 949 Quos
493 873 669 952 Pylos
715 883 775 935 et
819 874 1005 935 dubiis
1040 873 1234 936 Malea
1275 876 1706 937 vitata-earinis

276 958 702 1039 Plaudentique
738 958 968 1020 habiles
1012 957 1246 1035 Caryae·
1284 977 1565 1021 resonare
1593 958 1840 1037 Dianae,
2170 974 2280 1028 225

281 1044 448 1118 Quos
483 1043 685 1105 Pharis
735 1044 1154 1123 volucrumque
1199 1062 1416 1124 parens
1460 1041 1775 1121 Cythereia
1815 1044 2038 1123 Messe,

280 1128 650 1209 Taygetique
694 1127 949 1207 phalanx
993 1137 1052 1189 et
1096 1127 1363 1189 oloriferi
1403 1128 1663 1190 Eurotae

278 1212 445 1275 Dura
488 1231 706 1275 manus·
793 1212 957 1274 Deus
999 1214 1130 1293 ipse
1172 1215 1333 1275 viros
1375 1215 1434 1275 in
1475 1213 1723 1293 pulvere
1766 1216 1950 1277 crudo

280 1298 474 1358 Arcas
510 1297 610 1358 alit
651 1298 958 1378 nudaeque
999 1298 1204 1359 modos
1244 1300 1472 1360 virtutis
1517 1307 1576 1360 et
1617 1301 1737 1360 iras

278 1382 624 1461 Ingenerat;
661 1383 835 1462 vigor
880 1382 1014 1443 inde
1047 1385 1252 1445 animis
1296 1394 1355 1446 et
1396 1385 1599 1446 mortis
1644 1383 1906 1446 honorae
2174 1396 2283 1452 230

278 1465 476 1528 Dulce
513 1485 762 1528 sacrum.
851 1465 1113 1530 Gaudent
1151 1478 1415 1530 natorum
1452 1468 1573 1531 fata
1616 1478 1894 1549 parentes

279 1551 712 1632 Hortanturque
760 1553 937 1629 mori,
982 1551 1166 1614 deflet
1206 1555 1433 1634 iamque
1481 1554 1662 1614 omnis
1707 1552 1996 1633 ephebum

283 1634 512 1715 Turba,
560 1645 842 1698 coronato
891 1645 1164 1699 contenta
1208 1647 1301 1698 cst
1341 1638 1546 1700 funere
1589 1646 1794 1700 mater.

280 1720 476 1782 Frena
518 1729 718 1783 tenent
762 1719 1097 1801 duplexque
1140 1722 1361 1783 inserto
1403 1721 1624 1783 missile
1667 1722 1823 1783 nodo

281 1804 491 1867 Exerti
532 1807 798 1884 ingentes
840 1804 1146 1883 humerosi,
1197 1806 1457 1883 chlamys
1501 1806 1735 1868 horrida
1777 1806 1996 1885 pendet
2176 1816 2280 1872 235

280 1888 361 1950 Et
402 1908 550 1952 cono
593 1890 859 1952 Ledaeus
902 1908 1075 1971 apex.
1161 1889 1295 1952 Non
1328 1892 1389 1953 hi
1431 1890 1534 1952 tihi
1571 1890 1780 1966 solum,

282 1974 673 2055 Amphiarae,
720 1984 979 2037 merent:
1026 1985 1204 2054 auget
1240 1978 1516 2056 resupina
1553 1974 1843 2054 maniplos

280 2058 444 2137 Elis,
489 2060 812 2140 depressae
851 2060 1102 2141 populus
1143 2061 1299 2122 subit
1339 2061 1535 2123 incola
1574 2060 1767 2136 Pisae,

284 2143 404 2219 Qui
445 2153 536 2221 te,
579 2145 763 2221 ssave,
811 2154 1005 2207 natant
1048 2146 1249 2224 terris,
1295 2145 1567 2226 Alphee,
1612 2144 1840 2207 Sicanis

278 2229 564 2308 Advena,
601 2239 716 2290 tam
759 2229 939 2308 longo
983 2247 1099 2291 non
1134 2249 1401 2311 umquam
1436 2230 1654 2293 infecte
1697 2228 2008 2310 profundo.
2178 2238 2285 2294 240

283 2311 566 2374 Curribus
611 2314 921 2376 innumeris
961 2314 1078 2377 late
1124 2318 1313 2395 putria
1356 2334 1495 2376 arva
1538 2315 1836 2377 lacessunt

281 2397 362 2459 Et
407 2396 581 2459 bellis
624 2408 879 2459 armenta
923 2399 1186 2461 domant:
1235 2420 1307 2462 ea
1342 2401 1534 2479 gloria
1574 2399 1733 2478 genti

280 2482 526 2544 Infando
573 2483 647 2544 de
687 2500 850 2544 more
895 2493 954 2545 et
995 2484 1197 2546 fractis
1242 2486 1411 2547 durat
1454 2484 1528 2546 ab
1572 2501 1762 2563 usque

282 2567 511 2628 Axibus
558 2566 867 2640 Oenomai;
909 2569 1156 2644 strident
1192 2571 1516 2649 spumantia
1558 2585 1754 2629 morsu

283 2651 571 2729 Vincula,
611 2661 669 2713 et
714 2652 963 2714 effossas
1007 2653 1212 2714 niveus
1254 2655 1407 2731 rigat
1447 2652 1633 2714 imber
1673 2669 1902 2713 arenaS.
2180 2661 2284 2717 245

411 2735 500 2797 Tu
539 2755 775 2817 quoque
813 2737 1151 2800 Parrhasias
1194 2740 1399 2817 ignara
1438 2747 1622 2799 matre
1666 2745 1932 2798 catervas

285 2820 410 2882 Ah!
457 2822 615 2882 rudis
657 2839 963 2899 annorum,
1002 2831 1217 2883 tantum
1258 2839 1411 2884 nova
1453 2822 1643 2902 gloria
1679 2821 1905 2898 suadet,

280 2904 761 2985 Parthenopaee,
800 2908 993 2986 rapis;
1040 2915 1156 2967 tum
1201 2907 1384 2970 saltus
1428 2908 1582 2969 forte
1627 2915 1887 2967 remotos

284 2989 479 3052 Torva
515 3008 763 3071 parens,
794 3008 986 3070 neque
1019 2992 1170 3053 enim
1198 2992 1394 3054 haec
1376 2992 1571 3053 iuveni
1599 2991 1800 3053 foret
1783 3009 1869 3051 1re
1901 2998 2187 3070 potestaS,

284 3073 540 3137 Pacabat
584 3093 765 3136 cornu
803 3075 1103 3156 gelidique
1143 3094 1353 3138 aversa
1394 3075 1592 3154 Lycei.
2179 3084 2285 3138 250

283 3159 591 3221 Pulchrior
632 3159 785 3221 haud
829 3160 932 3223 ulli
968 3163 1133 3223 triste
1169 3161 1243 3224 ad
1292 3161 1602 3223 discrimen
1641 3162 1792 3222 ituro

283 3243 529 3321 Vultus,
575 3254 634 3304 et
680 3246 961 3323 egregiae
996 3255 1152 3307 tanta
1198 3245 1554 3324 indulgentia
1599 3245 1849 3314 formae;

284 3328 416 3390 Nec
464 3328 670 3390 desunt
715 3331 916 3407 animi,
956 3331 1151 3393 veniat
1193 3331 1368 3392 modo
1412 3331 1622 3392 fortior
1666 3339 1849 3392 aetas.

282 3412 449 3489 Quos
494 3431 611 3474 non
659 3413 763 3475 ille
810 3415 990 3477 duces
1034 3429 1334 3478 nemorum
1373 3415 1678 3496 fluviisque
1708 3414 1913 3474 dicata
