2517 3909
740 128 1141 178 THEBAmos
1179 130 1322 179 me.
1359 131 1485 179 ΧΠ.
2071 119 2195 185 259

181 281 361 344 Mors
398 300 678 364 nusquam
721 301 1051 364 saevusque
1098 283 1324 359 Creon;
1365 285 1617 348 hortaris
1657 296 1909 365 euntem,

188 367 447 430 Ornite.'
524 370 623 430 Sic
658 369 860 430 dicens
900 387 1109 449 magno
1152 370 1452 449 Megareia
1487 389 1777 451 praeceps

185 453 355 513 Arva
397 454 549 532 rapit
593 471 801 534 passu,
840 454 1197 517 demonstrat
1234 458 1498 536 proxima
1538 459 1797 537 quisquis
2087 467 2197 523 220

125 534 132 541 “
189 537 449 615 ObviuS,
494 538 903 618 horrescitque
947 539 1173 601 habitus
1218 542 1602 620 miseramque
1646 551 1903 602 veretur.

183 623 367 684 Vadit
410 632 579 683 atrox
620 624 781 699 visu,
827 623 907 683 nil
951 626 1134 686 corde
1173 643 1286 686 nec
1328 644 1467 687 aure
1510 643 1861 705 pavescens,

186 706 272 769 Et
314 709 501 767 nimiis
546 707 766 768 confisa
807 708 971 769 malis
1016 711 1376 789 propiorque
1418 711 1629 791 timeri.

186 791 383 852 Nocte
417 791 576 851 velut
613 791 863 870 Phrygia
906 811 1077 872 quum
1116 794 1423 856 lamentata
1464 795 1746 855 resultant
1806 788 1811 792 ’

183 876 512 953 Dindyma,
551 878 801 956 pinigeri
839 878 1059 956 rapitur
1100 879 1411 939 Simoentis
1447 880 1520 940 ad
1566 898 1789 941 amnem
2083 891 2188 945 225

184 961 328 1023 Dux
364 978 579 1021 vesana
621 959 820 1038 chori,
865 963 1027 1023 cuius
1069 964 1496 1041 deasanguine
1540 964 1699 1026 lecto

185 1045 328 1126 Ipsa
366 1045 524 1106 dedit
564 1045 779 1106 ferrum
818 1056 877 1107 et
918 1049 1118 1108 vittata
1153 1047 1345 1108 fronte
1386 1050 1625 1109 notavit.

318 1131 436 1191 lam
479 1140 647 1209 pater
680 1130 967 1210 Hesperio
1011 1131 1349 1210 flagrantem
1385 1134 1617 1210 gurgite
1659 1151 1886 1195 currum

186 1215 512 1276 Abdiderat
549 1214 715 1275 Titan
756 1216 888 1276 aliis
928 1216 1218 1276 rediturus
1261 1217 1333 1277 ab
1376 1217 1564 1294 undis,

190 1300 382 1374 Quum
426 1309 613 1359 tamen
654 1299 755 1361 illa
797 1318 1035 1377 gravem
1080 1301 1238 1362 luctu
1287 1302 1526 1363 fallente
1568 1301 1829 1362 lahorem
2080 1311 2187 1367 230

184 1383 395 1445 Nescit
437 1384 631 1443 abisse
677 1385 856 1455 diem;
898 1403 1012 1444 nec
1060 1386 1439 1464 caligantibus
1485 1388 1638 1447 arvis

188 1468 507 1544 Terretur,
553 1486 665 1529 nec
709 1468 921 1546 frangit
962 1470 1107 1546 iter,
1152 1489 1260 1550 per
1306 1481 1365 1532 et
1406 1473 1556 1531 invia
1600 1489 1742 1532 saxa

183 1553 594 1632 Lapsurasque
638 1552 836 1614 trabes
876 1571 1290 1632 nemorumque
1339 1573 1550 1616 arcana
1589 1573 1798 1617 sereno

150 1638 371 1716 ,Nigra
414 1638 509 1698 die
558 1640 869 1716 caecisque
914 1639 1095 1699 incisa
1137 1640 1370 1700 novalia
1405 1639 1606 1713 fossiS,

182 1724 303 1785 Per
344 1723 549 1786 fluvios
593 1740 802 1783 secura
844 1723 978 1783 vadi
1019 1740 1373 1802 somnosque
1415 1725 1668 1785 ferarum
1750 1795 1755 1800 ,
2076 1735 2180 1790 235

182 1808 427 1869 Praeter
472 1815 529 1866 et
570 1806 874 1867 horrendis
909 1809 1136 1868 insessa
1181 1808 1391 1869 cubilia
1436 1800 1725 1868 monstris,

189 1891 428 1952 Tantum
469 1892 636 1951 animi
674 1891 977 1970 luctusque
1015 1892 1240 1954 valent!
1287 1893 1465 1971 pudet
1504 1894 1590 1953 ire
1631 1892 1947 1953 Menoeten

185 1976 460 2052 Tardius,
500 1976 904 2056 invalidaeque
941 1978 1179 2055 gradum
1221 1979 1456 2038 miratur
1495 1976 1778 2039 alumnae.

183 2062 348 2136 Quas
390 2079 502 2121 uon
547 2060 645 2121 illa
687 2062 889 2122 domos
925 2079 1322 2142 pecorumque
1352 2062 1766 2142 ‘hominumque
1805 2061 2069 2121 modesto

182 2146 439 2207 Pulsavit
482 2143 738 2223 gemitu?
783 2149 1048 2224 quotiens
1092 2149 1334 2207 amissus
1374 2148 1528 2207 eunti
2072 2154 2176 2206 240

176 2231 406 2306 LimeS,
457 2240 516 2290 et
559 2241 844 2291 errantem
889 2233 1113 2292 comitis
1154 2232 1363 2292 solatia
1406 2231 1666 2292 flammae

179 2316 545 2391 Destituant,
589 2315 941 2395 gelidaeque
982 2317 1172 2378 facem
1214 2318 1415 2377 vicere
1463 2311 1784 2377 tenebrae?

180 2400 421 2477 Iamque
466 2401 801 2478 supinantur
839 2400 1050 2477 fessis,
1096 2401 1330 2480 lateque
1373 2402 1644 2462 fatiscunt

182 2484 426 2545 Penthei
466 2484 693 2545 devexa
734 2486 885 2564 iugi,
927 2504 1098 2565 quum
1141 2495 1386 2564 pectore
1432 2484 1644 2545 anhelo

178 2568 301 2630 Iam
339 2584 527 2648 prope
570 2568 852 2630 deficiens
892 2571 978 2630 sic
1014 2570 1247 2630 inchoat
1290 2587 1427 2631 orsa
1460 2568 1796 2629 Menoetes:
2066 2575 2171 2630 245

308 2651 507 2714 ‘Haud
551 2653 793 2732 procul,
842 2656 1034 2715 exacti
1079 2656 1129 2713 si
1178 2672 1319 2734 spes
1360 2672 1476 2714 nou
1521 2652 1731 2713 blanda
1771 2650 2015 2727 laboris,

182 2736 477 2815 Ogygias,
519 2737 736 2816 Argia,
780 2739 986 2800 domos
1032 2747 1090 2799 et
1135 2757 1323 2817 egena
1366 2738 1622 2818 sepulcri

173 2822 358 2883 Busta
396 2822 594 2883 iacere
636 2840 803 2892 reor;
843 2842 1023 2901 grave
1063 2825 1322 2884 cominus
1362 2831 1587 2884 aestuat
1626 2840 1727 2882 aer

177 2906 494 2983 Sordidus,
542 2916 600 2967 et
638 2925 880 2985 magnae
920 2909 1164 2969 redeunt
1207 2926 1316 2987 per
1357 2909 1524 2967 inane
1566 2907 1861 2969 volucres.

171 2991 341 3053 Haec
380 2990 479 3051 illa
520 3002 611 3053 est
650 2991 902 3053 crudelis
947 2992 1184 3068 humus,
1226 3010 1340 3052 nec
1379 2991 1608 3052 moenia
1650 2990 1846 3071 longe.
2061 2999 2166 3052 250

179 3073 420 3152 Cernis,
455 3085 519 3136 ut
559 3079 826 3155 ingentes
866 3094 1157 3137 murorum
1196 3077 1457 3157 porrigat
1497 3074 1728 3136 umbras

180 3156 429 3238 Campus
478 3169 537 3221 et
577 3180 611 3222 e
657 3161 913 3242 speculis
947 3162 1199 3223 moriens
1239 3161 1561 3223 intermicet
1602 3157 1795 3238 ignis?

173 3243 406 3305 Moenia
445 3255 575 3306 sunt
616 3247 801 3316 iuxta3
845 3247 1018 3307 modo
1061 3264 1179 3306 nox
1213 3246 1396 3323 magis
1440 3240 1569 3325 ipsa
1608 3243 1861 3320 tacebat,

176 3328 435 3408 Solaque
479 3332 774 3408 nigrantes
810 3330 1081 3392 laxabant
1114 3339 1267 3392 astra
1311 3331 1605 3392 tenebras.
1611 3334 1634 3364 ’

172 3411 410 3474 Horruit
451 3413 664 3493 Argia,
707 3416 1084 3497 dextramque
1127 3416 1200 3479 ad
1242 3416 1471 3478 moenia
1511 3414 1837 3558 tendeu187:*
2063 3422 2167 3476 255
