2517 3909
201 154 286 218 28
937 156 997 209 Ρ.
1038 155 1316 211 PAPINII
1354 158 1594 212 STATII

197 298 557 385 Expectare
604 300 756 365 fuit!
829 300 1071 386 gaudet
1114 299 1536 367 Trasimenus
1576 305 1644 366 et
1685 303 1887 386 Alpes

201 387 700 474 Cannensesque
747 391 1028 473 animae3
1070 392 1449 476 primusque
1493 392 1747 477 insigne
1790 393 2107 457 tributum

197 479 345 562 Ipse
390 479 610 563 palam
655 479 872 543 lacera
912 479 1245 543 noscebat·
1265 480 1559 565 Regulus
1604 480 1853 545 umbra.

197 565 351 632 Non
395 571 589 640 uacat
631 567 911 632 Arctoas
955 568 1127 633 acies
1172 568 1600 654 Rhenumque
1645 569 1951 635 rebellem

200 653 636 740 Captiuaeque
681 677 904 739 preces
950 655 1251 722 Ueledae¹
1281 662 1384 742 et,
1420 679 1586 741 quae
1631 659 1914 723 maxima
1958 681 2165 745 nuper
2271 678 2345 728 90

197 744 450 828 Gloria,
497 744 860 829 depositam
888 746 1096 818 ⁴Dacis
1141 747 1563 829 pereuntibus
1606 747 1836 816 urbem

176 829 513 916 Pandere,
558 855 705 898 oum
751 834 920 898 tanti
948 834 1138 899 lectu
1178 837 1456 900 rectoris
1500 836 1820 922 habenas,

197 922 475 1007 Gallice,
519 921 815 988 Fortuna
857 944 993 988 non
1040 924 1401 989 admirante
1448 925 1700 990 subisti.

195 1010 388 1076 Hunc
431 1011 658 1098 igitur,
705 1012 762 1075 si
807 1011 1005 1097 digna
1047 1014 1306 1097 loquor,
1350 1014 1682 1099 rapiamus
1727 1015 1982 1100 iniquo,
2101 1063 2106 1070 -

194 1098 395 1185 Nate,
440 1099 602 1165 Ioui.
672 1104 864 1186 rogat
908 1101 1033 1165 hoc
1076 1099 1305 1167 Latiae
1349 1107 1537 1186 pater
1579 1103 1844 1170 inclitus
1888 1105 2099 1189 urbiS,
2271 1121 2344 1172 95

195 1187 286 1252 Et
331 1189 594 1272 meruit3
641 1210 850 1273 neque
897 1190 1072 1255 enim
1116 1190 1362 1256 frustra
1406 1192 1570 1256 mihi
1614 1213 1826 1277 nuper
1867 1193 2121 1259 honora

197 1275 504 1342 Carmina
548 1278 823 1361 patricio
867 1279 1052 1363 pueri
1098 1281 1408 1346 sonuistis
1451 1282 1524 1344 in
1570 1285 1766 1348 ostro.
1861 1315 1868 1324 ›

197 1365 263 1431 Si
312 1389 441 1451 qua
486 1365 825 1431 salutifero
871 1368 1113 1453 gemini
1159 1367 1462 1435 Chironis
1507 1371 1576 1433 in
1622 1374 1813 1435 antro

193 1454 445 1539 Herba,
490 1455 675 1521 tholo
721 1456 1179 1542 quodcumque·
1215 1458 1340 1522 tibi
1385 1457 1672 1523 Troiana
1715 1459 2008 1523 recondit

192 1544 551 1629 Pergamus
598 1546 713 1607 aut
756 1545 1023 1610 medicis
1069 1546 1225 1611 felix
1267 1546 1635 1630 Epidaurus
1679 1548 1945 1613 harenis
2239 1565 2346 1614 100

193 1633 469 1717 Educat,
512 1632 707 1698 Idaea
752 1619 1001 1717 profert
1045 1634 1240 1718 quam
1287 1633 1482 1700 Creta
1526 1637 1647 1701 sub
1692 1637 1924 1701 umbra

195 1721 525 1786 Dictamni
570 1720 858 1786 florentis
905 1743 1122 1807 opem,
1162 1745 1426 1809 quoque
1472 1726 1702 1810 anguis
1748 1725 2038 1792 abundat

197 1809 544 1893 Spumatu:
591 1811 859 1896 iungam
903 1813 1043 1896 ipse
1087 1834 1321 1877 manus
1370 1817 1561 1898 atque
1608 1835 1797 1878 omne
1844 1814 2197 1899 benignum

193 1897 419 1984 Uirus,
466 1898 806 1964 odoriferis
851 1900 1148 1965 Arabum
1195 1902 1368 1986 quod
1415 1902 1641 1968 doctus
1684 1903 1755 1966 in
1801 1904 1973 1968 aruis

191 1988 328 2052 Aut
371 1986 844 2073 Amphrysiaco
888 1993 1116 2074 pastor
1159 1991 1239 2054 de
1286 1991 1580 2075 gramine
1625 1990 1876 2076 carpsi?
2237 2007 2347 2058 105

192 2075 479 2142 Dixerat.
549 2078 897 2142 inueniunt
939 2079 1191 2163 positos
1235 2080 1370 2142 iam
1417 2080 1704 2165 segniter
1749 2084 1929 2144 artus

191 2165 728 2251 Pugnantemque
774 2167 1085 2252 animam3
1129 2167 1262 2232 ritu
1310 2190 1378 2232 se
1425 2169 1631 2253 cingit
1672 2173 1944 2254 uterque
2009 2207 2014 2214 ·

191 2252 475 2319 Paeonio
520 2258 1012 2339 monstrantque
1060 2256 1251 2321 simul
1296 2260 1653 2342 parentque
1699 2259 2019 2341 uolentes,

192 2341 416 2408 Donec
460 2343 769 2408 letiferas·
796 2345 982 2409 uario
1026 2344 1445 2427 medicamine
1490 2351 1711 2430 pestes
1973 2415 1976 2418 ,

188 2430 281 2495 Et
326 2435 623 2515 suspecta
666 2433 824 2497 mali
869 2437 1182 2517 ruperunt
1224 2435 1453 2499 nubila
1497 2437 1727 2499 somni.
2232 2455 2342 2503 110

188 2520 476 2585 Adiuuat
519 2521 659 2604 ipse
706 2521 861 2587 deos
905 2523 1260 2607 morboque
1307 2524 1627 2588 ualentior
1672 2524 1850 2589 omni

195 2607 491 2693 Occupat
536 2609 864 2675 auxilium.
939 2611 1128 2676 citius
1173 2633 1308 2676 non
1353 2614 1491 2675 arte
1537 2612 1818 2677 refectus

190 2696 513 2781 Telephus
558 2695 957 2782 Haemonia,
1002 2722 1122 2764 nec
1168 2722 1332 2785 quae
1379 2701 1730 2766 metuentis
1774 2700 2046 2780 Atridae

193 2783 404 2850 Saeua
446 2784 837 2853 Machaonio
884 2789 1177 2854 coierunt
1222 2789 1495 2852 uulnera
1542 2811 1712 2855 suco,

335 3002 403 3050 88
441 2999 709 3053 noscebat
743 3000 946 3068 scripsi
981 3000 1019 3055 Ζ.
1057 3000 1093 3054 Ζ.
1124 3017 1186 3070 p.
1225 3004 1371 3055 254:
1416 3001 1687 3072 poscebat
1723 3006 1759 3052 0
1795 3019 1829 3053 a
1863 3000 2174 3071 plaudebat
2208 3006 2340 3061 Ior-

189 3070 343 3122 tinus
368 3067 389 3137 ΙΙ
416 3073 485 3122 90
520 3069 768 3125 Veledae
808 3073 867 3125 et
900 3072 1095 3126 Dom..·
1130 3071 1347 3125 Veldae
1385 3072 1485 3139 A*,
1522 3076 1586 3124 ut
1621 3072 1738 3126 uid.
1777 3072 1970 3126 ueldet
2004 3073 2094 3127 uel
2129 3078 2341 3133 ueldae

190 3146 224 3192 0
251 3141 272 3208 ΙΙ
299 3145 365 3193 91
405 3156 592 3196 arcem
613 3142 826 3198 Markl.
854 3143 874 3210 l!
902 3148 969 3196 93
1007 3142 1186 3196 lectus
1214 3148 1250 3193 0
1279 3160 1330 3211 a,
1369 3159 1508 3198 corr.
1543 3142 1883 3196 Bernartius
1909 3143 1929 3212 fl
1955 3148 2026 3197 94
2060 3141 2226 3201 Hunc
2265 3152 2341 3205 A:

188 3209 355 3264 Nunc
393 3216 429 3262 0
474 3212 487 3280 Ι
535 3212 815 3281 rapiemus
872 3218 908 3265 0
943 3231 993 3280 a,
1052 3229 1191 3268 corr.
1247 3216 1284 3267 ς
1338 3214 1359 3283 ΙΙ
1414 3219 1483 3268 99
1521 3229 1932 3282 quamcumque
1986 3213 2268 3271 Barthassus
2324 3220 2347 3292 ΙΙ

193 3287 294 3335 103
327 3286 469 3352 puto
507 3282 804 3353 Spumatu,
850 3300 998 3338 nunc
1035 3283 1386 3351 adcumules3
1434 3284 1638 3338 addam
1678 3300 1841 3338 omne
1883 3284 1893 3354 l
1933 3284 2176 3354 benigne
2216 3295 2253 3340 0
2290 3308 2345 3358 a,

189 3367 330 3409 corr.
367 3352 815 3423 Lv'mdenbroyius
850 3358 870 3424 ΙΙ
920 3359 1020 3409 105
1059 3355 1271 3425 carpsit
1306 3363 1343 3408 0
1378 3375 1427 3423 a,
1466 3371 1603 3411 corr.
1642 3355 1801 3410 Dom.
1849 3356 1870 3424 n
1919 3361 2016 3409 111
2055 3358 2349 3415 ualentius

187 3423 459 3479 Heinsius
467 3445 487 3491 ;
514 3430 656 3494 puto
692 3426 977 3494 herbaque
1015 3426 1297 3481 ualentior
1321 3430 1341 3497 ΙΙ
1372 3432 1471 3481 112
1511 3428 1629 3481 arte
1669 3430 1741 3480 A:
1781 3432 1902 3480 aste
1942 3431 1977 3477 0
