2517 3909
968 219 1456 278 ACHILLEIDOS
1501 221 1562 275 L.
1601 223 1642 280 Ι.
2235 223 2324 289 35

205 381 264 421 ΙΙ
287 364 595 450 Quaeque
642 364 797 450 fuit,
842 363 1134 451 Dolopas
1183 388 1329 431 cum
1378 364 1609 451 Scyria
1652 368 1850 433 litora
1896 368 2158 434 adortos

282 454 633 520 Perdomui
678 453 975 540 fregique
1021 454 1234 519 vadis!
1281 476 1446 540 quae
1499 456 1690 542 signa
1733 456 2069 543 triumphi,

179 559 255 599 10⁵
283 542 566 608 Vidistis
615 544 790 609 celsa
835 565 1169 609 murorum
1215 544 1287 609 in
1331 544 1548 610 fronte
1598 547 1872 610 carinas.

287 631 535 697 Saltem
584 633 640 698 si
688 633 976 717 suboles,
1024 637 1249 717 aptum
1298 655 1495 718 quam
1543 635 1805 700 mittere
1849 635 2022 701 bello
2076 671 2152 682 —
2223 651 2326 702 780

284 720 479 787 Nunc
523 722 652 806 ipsi
698 721 993 807 viresque
1039 743 1219 787 meas
1268 726 1333 786 et
1378 744 1532 788 cara
1580 724 1823 790 videtis,
2222 740 2324 791 782

284 810 596 896 Pignora:
637 811 896 895 quando
934 832 1141 877 novos
1170 811 1355 877 dabit
1384 811 1546 878 haec
1571 813 1735 877 mihi
1761 813 1958 878 turba
1985 813 2327 899 nepotes?

171 916 253 957 110
284 899 591 985 Dixerat,
640 903 707 964 et
752 901 981 966 sollers
1031 904 1296 985 arrepto
1342 904 1636 986 tempore
1683 901 1941 967 Ulixes:

286 986 493 1054 ‘Haut
520 990 882 1072 spernenda
911 990 1120 1076 cupis3
1166 990 1311 1074 quis
1344 990 1514 1055 enim
1541 1013 1676 1056 non
1703 992 1911 1056 visere
1941 997 2170 1076 gentes
2219 1007 2323 1058 785

284 1077 665 1143 Innumeras
711 1079 1058 1164 variosque
1104 1079 1299 1144 duces
1348 1081 1543 1164 atque
1591 1081 1856 1166 agmina
1901 1101 2131 1167 regum

282 1166 577 1232 Ardeat‘?
671 1166 879 1233 Omne
927 1169 1122 1233 simul
1167 1169 1495 1254 roburque
1543 1169 1865 1254 decusque
1909 1170 2200 1253 potentis

281 1255 588 1340 Europae
635 1257 903 1323 meritos
951 1258 1124 1322 ultro
1171 1257 1416 1322 iuravit
1460 1258 1532 1322 in
1578 1280 1782 1324 enses,

166 1364 247 1405 11⁵
285 1345 465 1411 Rura
510 1346 830 1430 urbesque
877 1350 1132 1430 vacant,
1178 1349 1439 1412 montes
1488 1348 1914 1432 spoliavimus
1953 1348 2152 1433 altos,

284 1435 490 1502 Omne
536 1434 776 1500 fretum
821 1436 1021 1522 longa
1066 1435 1361 1501 velorum
1409 1437 1742 1503 obtexitur
1786 1437 2046 1522 umbra3
2220 1452 2325 1503 790

283 1524 577 1590 Tradunt
623 1547 804 1590 arma
848 1529 1100 1611 patres,
1143 1526 1320 1609 rapit
1365 1525 1747 1593 inrevocata
1791 1527 2113 1592 iuventus.

284 1612 438 1679 Non
485 1614 649 1680 alias
696 1637 1005 1700 umquam
1051 1618 1277 1680 tantae
1327 1615 1483 1681 data
1530 1617 1717 1702 copia
1762 1617 1978 1688 famae

282 1702 591 1768 Fortibus
649 1707 763 1768 aut
811 1727 1039 1789 campo
1088 1704 1337 1769 maiore
1385 1706 1672 1771 exercita
1716 1703 1971 1771 virtus?

163 1810 249 1852 120
284 1791 542 1878 Aspicit
584 1792 914 1859 intentum
958 1794 1279 1879 vigilique
1324 1793 1486 1859 haec
1536 1816 1688 1859 aure
1731 1794 2127 1880 trahentem,

284 1879 449 1947 Cum
492 1886 779 1966 paveant
825 1883 993 1948 aliae
1040 1883 1451 1967 demissaque
1499 1884 1748 1948 lumina
1790 1884 2085 1967 flectant,
2221 1898 2324 1949 795

282 1971 502 2056 Atque
549 1971 777 2037 iterat:
825 1970 1161 2058 ‘Quisquis
1205 1972 1471 2058 proavis
1521 1976 1587 2038 et
1635 1975 1831 2059 gente
1878 1972 2184 2058 superba,

284 2057 591 2144 Quisquis
640 2082 808 2145 equo
854 2061 1195 2146 iaculoque
1240 2064 1504 2146 potens,
1549 2063 1660 2146 qui
1705 2061 2046 2147 praevalet
2091 2083 2274 2145 arcu,

283 2147 514 2213 Omnis
560 2149 769 2215 honos
820 2150 988 2235 illic,
1032 2151 1168 2216 illic
1214 2151 1512 2236 ingentia
1557 2155 1814 2217 certant

165 2257 247 2297 125
278 2235 594 2303 Nomina:
641 2239 751 2303 vix
798 2239 1068 2305 timidae
1105 2244 1352 2306 matres
1393 2244 1510 2306 aut
1547 2240 1812 2326 agmina
1850 2245 2110 2307 cessant

109 2414 120 2428 .
167 2387 252 2429 107
281 2378 540 2446 Possem,
577 2379 750 2449 plena
786 2378 973 2434 forent
1009 2377 1150 2433 mihi
1186 2379 1418 2449 gaudia;
1457 2396 1701 2448 namque
1736 2379 2005 2436 iuvarem.
2220 2384 2321 2435 781

425 2539 477 2575 v.
520 2526 639 2575 794.
695 2519 1099 2576 Priscianus
1136 2521 1244 2576 VII
1281 2525 1348 2577 65
1398 2540 1452 2591 p.
1504 2527 1609 2576 342
1646 2522 1743 2578 H.:
1804 2521 2044 2578 ‘Statius
2093 2522 2154 2577 in
2187 2523 2216 2577 I
2252 2522 2326 2591 (II

272 2591 996 2717 ggfflgssin}⁰hiueid⁰ffl
1061 2591 1282 2661 Aspicit
1336 2592 1620 2647 intentum
1666 2592 1939 2663 vigilique
1992 2594 2135 2650 haec
2189 2610 2323 2648 aure

425 2810 526 2860 779
565 2806 716 2861 celsa
743 2810 784 2858 Ρ
831 2805 1009 2862 celsas
1045 2806 1251 2875 ceteriss
1280 2811 1383 2861 780
1422 2808 1621 2875 aptum
1653 2811 1695 2858 1²
1758 2808 1949 2876 aptam
1977 2805 2190 2859 Pcffln
2225 2821 2323 2875 ap-

275 2877 396 2931 tem
436 2876 700 2931 Menkius
755 2880 950 2947 optem
1007 2877 1415 2945 Wernsdorfius
1447 2879 1455 2946 Ι
1487 2879 1700 2947 Aptam
1748 2877 1796 2932 si
1832 2878 2083 2934 sobolem
2121 2878 2324 2932 saltem

275 2962 448 3016 quam
482 2947 790 3004 immittere
827 2948 981 3004 bello
1018 2954 1062 3001 fl
1096 2950 1117 3019 ΙΙ
1154 2952 1254 3004 781
1308 2948 1560 3015 Statius,
1596 2954 1661 3003 ut
1696 2950 1852 3015 solet,
1897 2965 2190 3004 sermonem
2226 2949 2321 3002 ab·

275 3020 451 3087 rupit,
489 3020 558 3084 cf.
594 3036 645 3074 v.
675 3023 763 3076 47.
806 3023 946 3087 6573
994 3021 1057 3075 id
1101 3036 1214 3074 non
1250 3020 1471 3074 videbat
1508 3020 1886 3090 interpolator,
1938 3021 2096 3074 cuius
2129 3019 2319 3074 verbaz

279 3088 561 3159 ‘Possem‚
597 3090 772 3160 plena
816 3091 1002 3145 forent
1037 3089 1179 3145 mihi
1214 3089 1449 3160 gaudia3
1497 3107 1740 3159 namque
1783 3090 2059 3145 iuvarem'
2100 3094 2318 3144 eaestant

273 3162 341 3215 in
375 3167 419 3214 1>
472 3161 629 3217 Leid.
667 3178 841 3232 marg.
901 3162 1059 3231 laps.
1100 3166 1174 3217 36
1243 3161 1391 3217 Voss.
1432 3166 1506 3217 83
1545 3178 1719 3231 wamy.
1767 3163 1886 3217 edd.
1941 3166 2068 3217 ante
2107 3159 2320 3215 Grono-

274 3233 427 3287 viwm
452 3234 473 3304 ΙΙ
502 3238 608 3287 784
643 3234 878 3303 abrepto
912 3239 953 3285 P
979 3235 1000 3304 η
1028 3238 1130 3289 788
1167 3233 1421 3301 Europes
1464 3232 1535 3285 θ’
1569 3232 1728 3289 Leia.
1762 3234 1772 3302 Ι
1802 3232 2063 3301 Europae
2098 3232 2316 3287 iunctos

273 3320 327 3356 m
358 3306 368 3374 1
398 3304 549 3359 ultro
577 3304 811 3360 meritos
849 3305 1007 3359 Leia.
1054 3307 1075 3374 [Ι
1121 3310 1224 3360 789
1274 3303 1643 3373 spoliavimus
1691 3303 1838 3359 alnis
1874 3304 2146 3360 Heinsius
2183 3302 2324 3358 Gro-

273 3376 474 3430 novius
498 3374 868 3431 Bwrmannus
904 3378 924 3446 n
962 3381 1061 3430 791
1101 3376 1254 3445 rapit
1298 3379 1388 3441 Ap
1423 3375 1544 3430 ruit
1568 3381 1625 3429 Π
1659 3376 1680 3444 ΙΙ
1717 3381 1822 3430 794
1854 3375 2144 3432 bibentem
2182 3374 2324 3430 Gro-

273 3448 474 3502 novius
499 3448 519 3516 ΙΙ
547 3452 650 3502 796
690 3448 930 3517 superba
956 3453 997 3499 P
1033 3448 1301 3520 superbus
1327 3451 1384 3499 Π
1421 3447 1681 3517 superbit
1699 3451 1743 3499 G
1768 3449 1789 3518 fl
1818 3452 1920 3503 799
1960 3450 2061 3503 aut
2091 3445 2321 3518 agmina

274 3522 386 3571 A!
441 3518 538 3574 vix
574 3517 805 3589 agmina
840 3520 961 3574 edd.

1812 3610 1890 3660 3*
