2517 3909
686 196 795 245 XII
836 193 1198 246 LIBRORUM
1242 193 1664 254 THEBAIDOS.

1030 373 1181 428 LIB.
1237 373 1340 430 IV.

305 487 447 549 Mox
488 498 718 568 septem
763 483 1009 549 Bellona
1050 490 1214 549 viros
1256 491 1317 549 in
1357 489 1586 569 proclia
1629 488 1809 568 cogit.

173 575 402 635 Primus
443 572 549 632 init
593 573 812 634 bellum
852 583 1112 634 moestus
1155 574 1483 652 longaevus
1525 572 1842 648 Adrastus,

171 658 346 738 Itque
389 674 577 733 gener
619 658 855 739 fulgens
899 659 1102 736 patriis
1143 657 1435 720 Dircaeus
1476 660 1535 717 in
1577 659 1772 720 armis.

171 742 320 803 Inde
363 741 537 801 ferox
579 739 760 802 animi*
795 739 1031 817 Tydeus
1074 744 1188 803 iam
1231 744 1421 826 saevit
1465 744 1522 802 in
1565 743 1793 804 hosteS.

170 824 529 902 Herculeam
571 825 984 905 Hippomedon
1030 826 1247 906 pubem
1293 836 1497 888 movet
1548 823 1781 887 inclitus
1826 824 2018 903 armis,

176 910 257 970 Et
301 907 613 989 Capaneus
655 919 826 971 atrox
864 910 1099 972 Thebas
1143 912 1481 992 excindere·
1514 914 1760 992 quaerit.

53 1011 66 1020 ·
180 994 599 1073 Amphiaraum
643 995 840 1073 prodit
877 998 1092 1057 coniux
1130 997 1246 1057 iam
1291 995 1515 1076 perlida
1553 1006 1765 1057 vatem.

179 1078 664 1158 Parthenopaeus
708 1080 812 1138 init
851 1080 1080 1159 trepida
1122 1083 1430 1157 genetrice
1470 1080 1776 1160 maniplos,

176 1160 263 1224 At
310 1172 512 1223 contra
551 1162 838 1224 Eteocles
876 1155 1189 1224 Thebanos
1234 1166 1463 1240 instruit
1504 1183 1742 1241 omnes,

177 1247 314 1309 Nec
352 1264 470 1307 non
511 1246 773 1309 Tiresias
814 1248 1074 1309 Infernas
1119 1250 1372 1310 consulit
1407 1250 1659 1311 umbras.

179 1332 546 1411 Argivisque
580 1334 732 1394 sitim
774 1326 1041 1393 Bacchus
1089 1334 1325 1394 molitur
1370 1343 1430 1395 et
1473 1343 1690 1396 aestus.

173 1416 510 1497 Hypsipyle
551 1425 833 1479 monstrat
876 1418 1141 1497 lymphas
1181 1415 1400 1497 Langia
1444 1435 1759 1499 perennes,

518 1499 767 1570 [Legitur
799 1503 859 1553 in
894 1500 1085 1556 Barth.
1121 1503 1281 1556 Vrat.
1318 1504 1476 1557 Cass.
1515 1506 1580 1557 P.
1619 1504 1701 1571 α.]

1037 1613 1199 1707 ⁸1:113·
1253 1656 1326 1707 V.

315 1766 627 1845 Postquam
672 1763 841 1845 pulsa
877 1764 1004 1826 sitis
1048 1766 1430 1847 relevataqne
1477 1763 2032 1851 membrafifluentiffi

180 1849 495 1912 Inachidae
541 1851 818 1927 iuveneS‚
859 1857 995 1911 ante
1035 1869 1236 1912 omnes
1283 1852 1434 1912 mitis
1469 1851 1779 1928 AdrastuS‚

181 1935 546 2014 Hypsipyles
593 1933 858 2012 coelum,
901 1941 1138 2013 gentem
1178 1937 1542 2017 patriamque
1584 1933 1848 2017 requirit.

175 2017 433 2098 'Ingemit
473 2020 574 2082 illa
619 2016 850 2100 quidem
892 2027 952 2080 et
993 2019 1224 2081 tandem
1265 2022 1369 2081 vix
1409 2017 1665 2082 moesta*
1680 2017 1974 2100 profatur:

182 2103 435 2165 Lemnos
483 2113 608 2166 erat
651 2104 874 2184 patria,
915 2104 1198 2185 princeps
1239 2105 1378 2167 mihi
1425 2107 1719 2184 sanguinis
1760 2099 1949 2183 Evan,

182 2189 297 2251 Hic
332 2188 581 2249 Veneris
629 2189 794 2250 rabie
836 2195 1000 2251 aetas
1045 2195 1253 2252 cuncta
1288 2199 1595 2270 perempta
1636 2192 1907 2251 virorum·
1940 2195 2050 2251 est.

179 2274 299 2334 Ast
338 2291 450 2352 ego
496 2274 623 2334 sola
668 2292 857 2333 meum
902 2290 1097 2335 carum
1141 2276 1417 2337 miserata
1466 2284 1778 2356 parentem

107 2363 116 2369 ’
184 2355 496 2419 Committo
536 2358 883 2418 incolumem
923 2358 1146 2428 ventis;
1190 2371 1330 2420 mox
1365 2362 1494 2439 ipsa
1532 2378 1641 2439 per
1681 2360 1863 2421 undas

183 2441 442 2503 Excessi
484 2444 772 2522 geminam
797 2442 1083 2523 ⁴linquens
1123 2443 1199 2514 de
1242 2443 1453 2505 Iasone
1497 2445 1747 2524 prolem.
1814 2521 1817 2524 Ι

182 2525 351 2587 Haec
391 2527 511 2589 fata
556 2525 978 2609 Archemorum
1022 2543 1195 2589 sacro
1237 2539 1519 2609 serpente
1566 2536 1932 2609 peremptum

188 2610 495 2691 Conspicit
532 2607 859 2687 Eurydice,
896 2613 1169 2691 genetrix
1211 2614 1540 2675 miseranda
1582 2614 1865 2693 querelis.

184 2695 452 2775 Intonat,
497 2705 557 2756 et
592 2694 787 2776 placat
830 2692 1135 2757 Graiorum
1173 2698 1345 2760 turba
1379 2695 1731 2777 Lycurgum.

524 2779 735 2847 [Barth.
777 2779 933 2837 Cass.
970 2777 1035 2833 P.
1074 2777 1153 2850 α.]

999 3011 1014 3022 l
1036 2927 1186 2985 LIB.
1221 2931 1342 3022 2⁷1.

313 3053 394 3115 Ut
434 3072 585 3134 puer
627 3064 717 3115 est
758 3055 989 3118 functus
1029 3058 1323 3138 serpentis
1360 3056 1606 3120 vulnere
1656 3059 1873 3134 laesus,

183 3140 494 3201 instituunt
528 3138 714 3204 Danai
758 3140 930 3202 ludos
967 3142 1292 3203 hortamine
1335 3142 1505 3202 vatis.

181 3223 361 3285 Fama
397 3232 573 3284 vocat
618 3233 894 3302 cunctos,
939 3228 1094 3287 arvis
1135 3241 1207 3288 ac
1246 3226 1550 3288 moenibus
1591 3227 1815 3288 adsunt.

183 3308 411 3369 Primus
454 3308 637 3372 sudor
677 3309 845 3389 equis
888 3312 1049 3371 venit
1087 3312 1407 3372 certamine
1440 3313 1653 3391 campi.

186 3391 397 3454 Extitit
441 3394 536 3455 hic
579 3393 805 3454 Dorion
850 3396 1072 3471 victor,
1119 3395 1403 3472 Polynice
1444 3398 1714 3457 cadente.
1753 3414 1774 3427 ‘

189 3477 499 3539 Proximus
544 3476 855 3548 Oeclides;
903 3480 1010 3540 sed
1054 3481 1298 3561 sumpsit
1341 3481 1598 3561 praemia
1643 3478 1848 3540 laudiS.
