2517 3909
392 136 473 217 86
1063 149 1127 197 Ρ.
1170 147 1438 198 mrum
1481 148 1714 197 srA‘m

393 301 619 378 Quodsi
653 302 806 364 adeo
850 304 1044 383 placui
1081 302 1351 366 deflenda
1389 304 1447 365 in
1484 313 1755 384 tempora
1795 313 1984 382 vates,
2277 315 2381 372 635

388 388 592 450 Dicam
635 387 928 467 equidem,
976 405 1090 468 quo
1134 403 1228 448 me
1269 387 1574 467 Lachesis,
1622 405 1737 469 quo
1781 398 1948 451 torva
1983 389 2265 468 Megaera

391 473 593 553 Usque
644 474 860 534 sinunt:
897 472 1113 534 bellum
1150 473 1448 533 innumero
1487 475 1648 534 venit
1692 473 1939 553 undique
1981 476 2205 538 bellum

388 557 638 635 Agmine
658 601 676 634 ,
720 555 1134 638 Lernaeosque
1175 556 1350 618 trahit
1391 557 1580 619 fatalis
1621 559 1881 620 alumnos

391 641 673 702 Gradivus
718 641 991 711 stimulis3
1039 643 1147 702 hos
1183 650 1381 703 terrae
1424 651 1680 705 monstra
1719 643 2005 723 deumque

391 725 536 787 Tela
577 732 808 787 manent
844 726 1188 807 pulchrique
1235 725 1427 788 obitus
1473 736 1530 788 et
1572 726 1643 787 ab
1679 729 1814 806 igne
1856 744 2130 806 supremo
2240 756 2247 763 ·
2286 735 2389 792 640

392 813 607 873 Sontes
653 810 793 889 lege
835 828 1056 873 morae.
1145 809 1320 872 Certa
1364 821 1455 874 est
1494 812 1738 873 victoria
1776 811 2013 890 Thebis,

388 895 480 956 Ne
523 895 781 974 trepida,
824 914 938 957 nec
978 913 1162 973 regna
1204 896 1378 957 ferox
1413 913 1721 973 germanus
1768 897 2025 962 habehit.

390 979 512 1042 Sed
548 979 732 1040 furiae
769 981 1176 1059 geminumque
1216 979 1384 1040 nefas
1424 982 1790 1061 miserosque
1836 1000 1943 1062 per
1975 1000 2151 1044 enses

387 1063 499 1126 Hei
539 1063 701 1124 mihi!
749 1064 1003 1126 crudelis
1043 1066 1238 1126 vineet
1280 1067 1492 1145 pater)
1574 1065 1737 1127 Haec
1772 1066 1875 1127 ubi
1913 1066 2086 1145 fatue,
2332 1107 2341 1116 -

390 1148 625 1211 Labitur
670 1157 728 1209 et
769 1147 921 1209 flexa
960 1146 1166 1210 dubios
1211 1148 1455 1227 ambage
1488 1149 1743 1229 reliquit.
2281 1161 2380 1218 645

516 1233 745 1294 Interea
788 1232 1040 1311 gelidam
1075 1232 1342 1295 Nemeen
1380 1243 1443 1294 et
1486 1235 1723 1302 conseia
1766 1234 1956 1298 laudis

386 1318 717 1378 Herculeae
761 1318 989 1379 dumeta
1028 1335 1182 1395 vaga
1223 1318 1460 1396 legione
1496 1318 1773 1380 tenebant

385 1399 728 1473 Inachidae3
770 1404 883 1462 iam
927 1402 1193 1464 Sidonias
1235 1412 1506 1465 avertere
1550 1402 1824 1484 praedas,

390 1487 704 1563 Sternere,
747 1486 905 1547 ferre
947 1486 1151 1547 domos
1192 1487 1396 1550 ardent
1434 1490 1784 1567 instantque.
1868 1487 2009 1562 Quis
2053 1490 2172 1551 iras

384 1569 680 1648 Flexerit,
725 1571 877 1632 unde
918 1588 1150 1649 morae,
1193 1572 1416 1634 medias
1458 1573 1587 1652 quis
1620 1572 1896 1634 euntibus
1938 1591 2126 1652 error,
2282 1585 2380 1640 650

385 1654 658 1731 Phoebe,
705 1653 886 1716 doce:
923 1671 1033 1715 nos
1069 1673 1200 1717 rara
1231 1656 1752 1720 ,manenbexordia
1792 1658 1998 1719 famae.

510 1738 799 1801 Marcidus
844 1739 1095 1802 edomito
1139 1740 1359 1802 bellum
1399 1741 1700 1803 referebat
1741 1740 1813 1803 ab
1856 1742 2077 1804 Haemo

384 1822 590 1899 Liber,
637 1823 715 1883 ibi
758 1824 1063 1888 armiferos
1103 1826 1371 1903 geminae
1411 1827 1522 1887 iam
1565 1826 1760 1888 sidere
1800 1825 2036 1890 brumae

386 1907 565 1986 Orgia
610 1907 766 1969 ferre
819 1908 993 1971 Getas
1039 1928 1358 1989 canumque
1401 1910 1705 1971 virescere
1745 1909 1923 1973 dorso

387 1992 607 2070 Othryn
652 2002 710 2053 et
751 1993 937 2054 Icaria
983 1992 1313 2075 Rhodopen
1347 2003 1688 2057 assueverat
1723 1994 1945 2074 umbra,
2277 2008 2372 2064 655
2482 1985 2483 1990 ἵ

384 2076 463 2138 Et
503 2079 615 2138 iam
652 2079 994 2159 pampineos
1034 2086 1292 2142 materna
1336 2079 1409 2139 ad
1450 2080 1680 2140 moenia
1726 2098 1930 2142 currus
2008 2097 2015 2104 ·

381 2160 724 2231 Promovet;
770 2162 1028 2224 effrenae
1064 2163 1272 2224 dextra
1309 2164 1599 2243 laevaque
1636 2173 1952 2243 sequuntur

382 2245 643 2323 Lyncea,
686 2255 746 2307 et
793 2247 904 2308 uda
944 2264 1107 2307 mero
1150 2247 1408 2308 lambunt
1444 2249 1768 2312 retinacula
1809 2250 2012 2328 tigres.

385 2330 527 2391 Post
572 2330 896 2392 exultantes
939 2331 1128 2411 spolia
1167 2333 1505 2394 armentalia
1548 2342 1782 2412 portant

386 2416 847 2495 Seminecesque
892 2416 1064 2496 lupos
1108 2417 1446 2496 scissasque
1494 2417 1859 2486 Mimallones
1902 2434 2087 2480 ursas.
2276 2429 2375 2486 660

383 2498 513 2559 Nec
560 2500 861 2561 comitatus
904 2501 1095 2580 iners,
1140 2511 1270 2563 sant
1311 2502 1438 2564 illie
1479 2501 1572 2565 Ira
1614 2501 1938 2581 Furorque,

382 2582 460 2645 Et
500 2583 691 2646 Metus
736 2594 793 2646 et
834 2585 1033 2650 Virtus
1073 2595 1135 2648 et
1176 2581 1486 2665 numquam‘
1512 2586 1745 2647 sobrius
1783 2587 1998 2665 Ardor,

383 2667 778 2747 Succiduique-
811 2670 1027 2747 gradus
1068 2680 1128 2731 et
1170 2680 1360 2733 castra
1404 2671 1688 2733 simillima
1727 2672 1877 2750 regi.
1964 2689 1970 2696 ·

381 2752 558 2830 Isque
600 2752 700 2813 ubi
748 2754 1027 2833 pulverea
1068 2754 1332 2818 Nemeen
1374 2755 1857 2824 efferverenube

387 2835 724 2916 Conspicit,
770 2847 828 2898 et
869 2838 1057 2902 solem
1097 2840 1276 2900 radiis
1315 2841 1625 2918 ignescere
1667 2840 1830 2917 ferri,
2269 2851 2370 2908 665

378 2920 643 2983 Necdum
686 2923 1039 3001 compositas
1076 2921 1220 2984 belli
1256 2924 1316 2984 in
1362 2927 1672 2986 certamina
1714 2924 1974 2995 Thebas3

384 3006 719 3068 Concussus
761 3008 934 3083 visis,
977 3025 1321 3087 quamquam
1362 3026 1466 3070 ore
1508 3017 1569 3070 et
1610 3018 1856 3089 pectore
1897 3018 2141 3087 marcet,

380 3091 658 3170 Aeraque
694 3100 1081 3172 tympanaque
1118 3102 1177 3153 et
1216 3092 1464 3156 biforem
1506 3095 1762 3156 reticere
1807 3094 2104 3156 tumultum

380 3177 668 3255 Imperat,
714 3177 985 3238 attonitas
1029 3179 1125 3257 qui
1168 3179 1385 3239 circum
1427 3178 1706 3258 plurimus
1740 3196 1932 3239 aures·

380 3260 577 3339 Atque
619 3262 726 3322 ita:
771 3260 900 3321 ‘Me
937 3280 1139 3323 manus
1174 3263 1286 3323 ista
1313 3281 1617 3344 meamque
1642 3263 1961 3324 excindere
1991 3271 2231 3341 gentem
2268 3272 2373 3329 670

381 3343 676 3423 Apparat;
725 3353 785 3406 et
822 3345 999 3425 longe
1042 3345 1270 3407 recalet
1308 3346 1507 3417 furo-n
1549 3348 1664 3409 hoc
1696 3347 1834 3408 mihi
1869 3364 2103 3409 saevum

381 3428 580 3507 Argos
626 3438 682 3489 et
718 3428 1027 3493 indomitae
1064 3430 1283 3492 bellum
1327 3433 1444 3493 ciet
1482 3432 1567 3494 ira
1601 3449 1914 3496 novercae.
