2517 3909
273 130 397 194 268
939 143 1003 192 P.
1049 142 1319 193 mmm
1359 141 1592 191 sum

276 299 627 378 submovet,
671 316 743 361 ac
780 297 955 363 dubio
1001 299 1273 380 coelique
1315 295 1613 379 Erebique
1654 295 1761 358 sub
1802 314 1914 357 axe
2170 302 2289 358 560

276 385 535 447 Detinet.
621 383 748 445 Heu
793 387 1068 464 princeps
1106 383 1339 446 natura!
1385 384 1481 445 nbi
1523 377 1796 444 numina?
1839 380 1937 441 ubi
1977 378 2079 440 ille

273 469 551 531 Fulminis
593 470 784 530 iniusti
826 465 1148 530 iaculator?
1192 469 1290 529 ubi
1331 471 1505 544 estis,
1554 463 1864 528 Athenae?

277 555 534 633 Septima
577 556 687 615 iam
731 572 982 641 siggens
1020 554 1266 633 trepidis
1308 553 1535 614 Aurora
1580 555 1844 614 iacentes

274 638 599 700 Aversatur
641 640 838 718 equis;
881 638 1078 699 radios
1121 637 1378 700 declinat
1418 647 1478 698 et
1518 638 1720 698 horret

276 722 575 801 stelligeri
616 723 782 784 iubar
823 740 992 785 omne
1036 722 1188 803 poli;
1239 724 1350 784 iam
1392 724 1651 783 cominus
1694 723 1860 800 ipsae
2163 727 2284 782 565

278 806 498 868 Pabula
538 808 660 868 dira
701 809 863 869 ferae
908 825 1289 887 campumque
1332 806 1515 868 odere
1556 807 1830 867 volucres

277 894 605 971 Spirantem
647 892 784 954 tabo
826 901 886 954 et
928 892 1156 952 coelum
1196 900 1521 971 ventosque
1564 899 1917 970 gravantem.

278 975 564 1051 Quantum
604 979 815 1038 etenim
859 994 1175 1056 superesse
1210 974 1390 1038 rear?
1430 977 1579 1037 nuda
1621 993 1759 1037 ossa
1805 984 2147 1055 putremque

275 1060 474 1123 Urere
510 1063 801 1142 permittat
842 1063 1091 1129 saniem;
1133 1070 1451 1142 properate
1467 1106 1487 1138 ,
1534 1060 1778 1121 verendi

281 1144 679 1227 Cecropidae;
723 1164 834 1208 vos
875 1149 984 1207 ista
1025 1145 1201 1207 decet
1238 1146 1521 1221 vindicta,
1568 1148 1901 1225 priusquam
2166 1150 2284 1206 570

277 1230 526 1293 Emathii
569 1231 944 1311 Thracesque
984 1230 1214 1307 dolent,
1260 1248 1529 1311 quaeque
1569 1240 1730 1291 extat
1768 1229 1984 1307 ubique

282 1315 440 1377 Gens
482 1334 680 1377 arsura
720 1319 882 1394 rogis
920 1333 1236 1394 manesque
1280 1315 1543 1376 habitura
1587 1331 1912 1394 supremos.

278 1399 426 1461 Nam
464 1403 589 1480 quis
635 1402 745 1461 erit
781 1401 1011 1461 saevire
1054 1396 1299 1461 modus?
1341 1399 1718 1476 bellavimus,
1762 1408 1923 1465 esto:

281 1485 402 1546 Sed
442 1483 715 1546 cecidere
760 1484 927 1561 odia,
979 1493 1039 1544 et
1078 1485 1276 1545 tristes
1317 1501 1474 1544 mors
1517 1483 1711 1545 obruit
1752 1486 1888 1544 iras.

282 1568 369 1630 Tu
413 1586 681 1649 quoque,
727 1578 787 1630 ut
826 1569 1104 1647 egregios
1140 1569 1290 1630 fama
1329 1571 1707 1647 cognovimus
1749 1577 1936 1641 actus,
2167 1574 2280 1631 575

279 1652 414 1715 Non
454 1654 713 1715 trucibus
752 1655 1023 1715 monstris
1067 1654 1230 1714 Sinin
1269 1653 1678 1734 infandumque
1720 1652 1932 1714 dedisti

285 1735 625 1816 Cercyona,
672 1749 733 1801 et
772 1756 1009 1801 saevum
1043 1738 1233 1799 velles
1278 1740 1540 1814 Scyrona
1583 1747 1917 1798 crematum.

285 1822 480 1889 Credo
522 1833 584 1885 et
611 1823 944 1886 Amazoniis
980 1823 1197 1884 Tanain
1233 1824 1486 1884 fumasse
1529 1822 1838 1902 sepulcris,

282 1908 451 1970 Unde
493 1909 642 1971 haec
684 1927 840 1971 arma
879 1908 1101 1976 refers;
1147 1909 1253 1969 sed
1288 1918 1348 1969 et
1382 1907 1534 1968 hune
1560 1908 1800 1985 dignare
1829 1905 2186 1986 triumphum.

282 1994 375 2055 Da
418 1995 590 2056 terris
636 2012 805 2054 unum
847 1994 1137 2071 coeloque
1178 1992 1496 2071 Ereboque
1539 1992 1824 2066 laborem,
2172 1998 2279 2053 580

285 2079 350 2140 Si
391 2081 636 2158 patrium
676 2077 1013 2139 Marathona
1059 2086 1246 2154 metu,
1290 2079 1342 2137 si
1384 2086 1541 2137 tecta
1579 2076 1787 2137 levasti

288 2161 556 2240 Cressia,
605 2180 718 2223 neo
759 2162 901 2223 fudit
943 2178 1125 2224 vanos
1162 2179 1304 2222 anus
1346 2161 1575 2241 hospita
1617 2161 1807 2221 fletus.

288 2248 389 2309 Sic
432 2247 535 2310 tibi
577 2266 693 2308 non
729 2247 885 2308 ullae
927 2248 1088 2307 socia
1132 2248 1259 2306 sine
1298 2246 1535 2307 Pallade
1584 2263 1836 2325 pugnae,

286 2331 416 2394 Nec
458 2351 629 2393 sacer
668 2332 923 2394 invideat
959 2330 1196 2411 paribus
1238 2330 1567 2406 Tirynthius
1610 2333 1778 2406 actis,

222 2437 226 2441 ·
288 2417 538 2497 Semper
579 2426 639 2477 et
675 2419 734 2476 in
777 2435 980 2492 curru,
1026 2433 1259 2494 semper
1297 2423 1357 2474 te
1401 2424 1586 2475 mater
1628 2423 1896 2475 ovantem
2175 2420 2278 2475 586

291 2498 539 2577 Cernat,
584 2511 646 2563 et
685 2503 933 2562 invictae
973 2502 1053 2561 nil
1088 2501 1206 2561 tale
1250 2508 1563 2580 precentur
1597 2498 1908 2560 Athenae!

414 2585 688 2656 Dixerat;
733 2587 1027 2666 excipiunt
1068 2593 1308 2647 cunctae
1353 2584 1706 2663 tenduntque
1747 2591 2060 2664 precantes

292 2669 435 2735 Cum
474 2670 728 2732 clamore
770 2688 1002 2739 manus;
1057 2669 1248 2730 rubuit
1284 2668 1605 2748 Neptunius
1647 2668 1825 2730 heros

289 2757 590 2818 Permotus
633 2754 916 2823 lacrimis;
969 2756 1118 2815 iusta
1162 2771 1300 2814 mox
1340 2755 1600 2815 concitus
1643 2754 1729 2814 ira

289 2841 621 2902 Exclamat:
668 2843 688 2875 ‘
706 2838 1001 2913 Quaenam
1043 2841 1151 2901 ista
1190 2855 1377 2900 novos
1420 2839 1640 2899 induxit
1682 2836 1893 2913 Erinys
2179 2846 2284 2901 590

290 2925 623 3004 Regnorum
661 2921 899 2984 mores?
942 2941 1058 2985 non
1098 2923 1245 2985 haec
1291 2941 1404 3001 ego
1448 2932 1693 3002 pectora
1730 2922 1871 3000 liqui

292 3010 592 3072 Graiorum
634 3008 994 3086 abscedens,
1040 3010 1333 3084 Scythiam
1374 3017 1727 3087 pontumque
1767 3006 2017 3067 nivalem

293 3095 480 3170 Quum
517 3103 812 3174 peterem;
857 3111 1042 3154 novus
1082 3093 1233 3154 uude
1276 3089 1481 3153 furor?
1525 3093 1814 3152 victumne
1855 3090 2071 3171 putasti

294 3179 555 3254 Thesea,
599 3179 724 3239 dire
763 3175 956 3239 Creon
972 3177 1002 3238 ‘l
1046 3177 1277 3254 adsum,
1320 3195 1432 3237 nec
1470 3177 1713 3255 snguine
1758 3175 1977 3236 fessum

294 3263 518 3331 Crede;
560 3264 679 3324 sitit
717 3265 959 3323 meritos
1000 3264 1304 3322 etiamnum
1345 3262 1494 3322 haec
1533 3260 1699 3321 hasta
1736 3277 1997 3321 cruores.
2182 3269 2281 3325 595

291 3346 465 3406 Nulla
503 3364 666 3407 mora
708 3356 830 3414 est:
883 3355 1050 3406 verte
1091 3345 1241 3405 hunc
1285 3346 1466 3422 adeo,
1511 3345 1787 3406 fidissime
1825 3345 2085 3423 Phegeu,

295 3427 715 3508 Cornipedem,
760 3438 820 3491 et
862 3430 1066 3507 Tyrias
1100 3430 1366 3491 invectus
1411 3431 1674 3510 protinus
1717 3446 1888 3491 arces
