2517 3909
918 143 1324 240 Tunnflnos
1363 190 1503 239 ΜΒ.
1536 165 1598 240 ἰ.

247 342 552 422 Fulmine,
593 343 705 405 iam
751 344 978 424 pridem
1024 342 1352 426 Cyclopum
1384 341 1654 427 'operosa
1694 347 1967 410 fatiscunt

249 429 534 507 Brachia,
581 437 644 489 et
680 427 909 490 Aeoliis
950 430 1162 491 desunt
1202 431 1507 493 incudibus
1547 431 1737 511 ignes.

249 515 449 594 Atque
491 513 629 575 ideo
671 514 919 576 tuleram
963 514 1116 575 falso
1153 517 1394 576 rectore
1440 516 1668 578 solutos

252 598 415 661 Solis
462 616 684 678 equos,
724 597 1074 679 coelumque
1115 601 1267 660 rotis
1310 601 1640 662 errantibus
1683 601 1793 678 uri,
1850 595 1857 602 ‘

249 683 334 745 Et
372 681 773 745 Phaethontea
816 683 1083 745 mundum
1121 684 1400 763 squalere
1446 686 1668 747 favilla.

249 767 351 829 Nil
388 777 580 829 actum
623 778 749 845 est,
790 770 987 848 nequ’e
1024 779 1083 829 tu
1120 768 1314 847 valida
1359 770 1516 849 quod
1557 770 1802 850 cuspide
1841 769 1958 832 late

249 852 350 914 Ii‘e
392 870 501 933 per
543 852 822 914 inlicitum
860 853 1112 933 pelago,
1155 855 1468 932 germane,
1514 854 1746 915 dedisti.

250 936 422 997 Nunc
465 940 725 1015 geminas
772 939 979 1018 punire
1025 939 1265 1016 domos,
1306 940 1439 1017 quis
1479 940 1776 1017 sanguinis
1817 949 2031 1028 auctor⁴

246 1021 388 1102 Ipse
434 1040 584 1101 ego,
629 1023 949 1085 descendo.
1036 1023 1295 1084 Perseos
1342 1024 1492 1084 alter
1523 1024 1583 1083 in
1623 1024 1823 1102 Argos

252 1106 577 1185 Scinditur,
621 1107 844 1172 Aonias
885 1107 1008 1168 fluit
1051 1106 1147 1167 hic
1189 1106 1261 1168 ab
1307 1108 1532 1187 origine
1554 1107 1830 1169 Thebas.

246 1189 422 1251 Mens
453 1193 689 1253 'cunctis
730 1192 963 1271 inposta
1005 1200 1229 1252 manet:
1278 1194 1408 1271 quis
1434 1192 1658 1254 ‘funera
1702 1190 1906 1254 Cadmi

245 1274 494 1336 Nesciat
536 1285 596 1337 et
642 1278 860 1337 totiens
903 1278 1155 1337 excitam
1189 1292 1226 1336 a
1271 1276 1511 1339 sedibus
1551 1277 1733 1338 imis?

246 1358 634 1421 Eumenidum
674 1360 936 1421 bellasse
975 1357 1206 1421 aciem?
1246 1361 1401 1422 mala
1441 1361 1653 1439 gaudia
1688 1361 1930 1423 matrum

246 1443 626 1524 Erroresque
670 1445 836 1505 feros
876 1459 1176 1506 nemorum
1210 1454 1273 1506 et
1312 1446 1614 1508 reticenda
1655 1446 1898 1507 deornm
2006 1483 2009 1486 -

254 1525 553 1590 Crimina?
599 1529 717 1590 Vix
757 1529 907 1592 lucis
945 1531 1172 1610 spatio,
1215 1531 1318 1590 vix
1344 1529 1553 1592 xnoctis
1593 1531 1842 1592 abactae

252 1612 619 1675 Enumerare
668 1615 878 1694 queam
919 1631 1116 1675 mores
1160 1623 1521 1695 gentemque
1566 1616 1889 1695 profanam.

253 1698 559 1759 Scandere
605 1700 742 1779 quin
784 1700 958 1760 etiam
1002 1699 1292 1760 thalamos
1333 1698 1430 1760 hic
1472 1702 1662 1780 inpius
1710 1700 1890 1760 heres

247 1782 439 1843 Patris
483 1791 545 1844 et
581 1784 904 1845 inmeritae*
921 1785 1206 1863 gremium
1242 1786 1536 1844 incestare
1583 1784 1843 1863 parentis

250 1866 557 1947 Appetiit,
600 1867 879 1948 proprios
914 1877 1178 1929 monstro
1215 1867 1521 1928 revolutus
1559 1870 1617 1928 in
1659 1876 1841 1928 ortus.

251 1952 366 2012 Ille
404 1962 597 2013 tamen
636 1953 869 2033 superis
907 1963 1145 2015 aeterna
1187 1952 1425 2032 piacula·
1461 1953 1638 2013 solvit

252 2036 854 2117 Proiecitquediem,
900 2056 1014 2099 nec
1049 2038 1164 2097 iam
1208 2037 1454 2117 amplius
1496 2039 1739 2099 aethere
1783 2044 1986 2097 nostro

253 2120 567 2182 Vescitur:
616 2122 854 2199 at'nati,
875 2122 1122 2183 ‘facinus
1160 2124 1289 2182 sine
1326 2122 1521 2183 more!
1564 2122 1845 2183 c'adentes

254 2202 583 2267 calcavere
628 2206 868 2268 oculosae
945 2206 1068 2268 lam
1104 2207 1216 2267 iam
1254 2215 1381 2267 rata
1420 2209 1558 2267 vota
1590 2205 1805 2281 tulisti,

250 2288 399 2350 DIre
446 2290 661 2351 senex!
707 2295 978 2352 meruere
1018 2300 1153 2352 tuae
1171 2337 1190 2367 ,
1235 2297 1508 2352 meruere
1550 2290 1836 2352 tenebrae

253 2372 524 2438 Ultorem
566 2393 813 2456 sperare
857 2374 1078 2437 Iovem.
1147 2375 1336 2437 Nova
1376 2374 1642 2437 sontibus
1686 2393 1845 2437 arma

252 2456 495 2520 Iniciam
531 2461 782 2539 regnis,
804 2470 1105 2541 totumque
1149 2465 1182 2521 a
1209 2462 1412 2539 ‘stirpe
1452 2460 1739 2521 revellam

253 2541 512 2605 Exitiale
555 2563 762 2623 genus.
854 2545 1004 2607 Belli
1046 2546 1184 2607 mihi
1230 2544 1450 2606 semina
1494 2553 1665 2605 su‘nto

254 2627 544 2689 Adrastus
587 2647 769 2690 socer
807 2640 869 2691 et
909 2630 1141 2709 superis
1188 2630 1457 2690 adiuncta
1503 2630 1753 2689 sinistris

264 2709 547 2775 ConubIa.
634 2713 800 2775 Hanc
841 2715 1012 2775 etiam
1055 2716 1273 2795 poenis
1304 2713 1610 2775 incessere
1652 2724 1889 2791 gentem

250 2796 605 2869 Decretum
653 2815 850 2879 neque
892 2799 1044 2860 enim
1086 2815 1304 2860 arcano
1346 2799 1422 2859 de
1460 2799 1713 2879 pectore
1755 2799 1936 2861 fallax

260 2880 573 2960 Tantalus,
620 2892 681 2943 et
720 2901 937 2945 saevae
981 2884 1157 2964 periit
1194 2884 1398 2944 iniuria
1440 2888 1729 2945 mensae!
1792 2903 1797 2908 ·
1830 2907 1837 2911 ·

386 2967 488 3027 Sic
530 2978 703 3047 pater
742 2967 1134 3049 omnipotens.
1222 2968 1336 3029 Ast
1377 2968 1464 3029 ilii
1510 2970 1708 3030 saucia
1749 2968 1929 3029 dictis⁴

255 3048 580 3113 Flammato
614 3070 861 3115 versans
902 3054 1195 3133 inopinum
1237 3053 1420 3114 corde
1464 3052 1732 3113 dolorem
1840 3067 1845 3078 ·

262 3133 430 3196 Talia
473 3134 870 3199 Iunorefert:
916 3137 1148 3215 emens,
1202 3138 1600 3226 quietissime
1640 3137 1853 3213 divum,

258 3218 566 3304 hle-bello
606 3231 838 3283 certare
880 3219 1099 3282 iubes?
1143 3223 1262 3282 scis
1305 3236 1578 3301 semper,
1623 3229 1687 3282 ut
1720 3239 1891 3282 arces

266 3299 596 3384 Cyclopum
613 3327 620 3332 ⁷
635 3307 949 3386 magnique
971 3305 1338 3367 Phoroneos
1376 3307 1575 3366 inefita
1616 3306 1768 3367 fama

265 3389 519 3469 Sceptra
557 3390 1076 3469 viris·opibnsque
1120 3391 1345 3467 iuvem,
1390 3390 1533 3451 licet
1572 3389 1857 3468 inprobus
1888 3386 2012 3449 illic

266 3468 585 3536 Custodem
627 3473 871 3539 Phariae
911 3491 1119 3536 somno
1139 3474 1402 3557 ‘letoque
1420 3495 1427 3504 ·
1445 3475 1733 3535 iuvencae

2190 181 2265 241 15

2152 613 2262 667 220

2153 1037 2257 1092 225

2159 2300 2265 2354 240

2158 2724 2262 2778 245

2160 3145 2268 3198 250
