<?xml version="1.0" encoding="UTF-8"?>
<!DOCTYPE html PUBLIC "-//W3C//DTD XHTML 1.0 Transitional//EN"
    "http://www.w3.org/TR/xhtml1/DTD/xhtml1-transitional.dtd">
<html xmlns="http://www.w3.org/1999/xhtml" xml:lang="en" lang="en">
 <head>
  <title>
</title>
<meta http-equiv="Content-Type" content="text/html;charset=utf-8" />
  <meta name='ocr-system' content='tesseract 3.04.00' />
  <meta name='ocr-capabilities' content='ocr_page ocr_carea ocr_par ocr_line ocrx_word'/>
</head>
<body>
  <div class='ocr_page' id='page_1' title='image "./ppapiniusstatiu00placgoog_0519.png"; bbox 0 0 2517 3909; ppageno 0'>
   <div class='ocr_carea' id='block_1_1' title="bbox 800 139 2180 207">
    <p class='ocr_par' dir='ltr' id='par_1_1' title="bbox 800 139 2180 207">
     <span class='ocr_line' id='line_1_1' title="bbox 800 139 2180 207; baseline -0.001 -2"><span class='ocrx_word' id='word_1_1' title='bbox 800 152 1200 205; x_wconf 65' lang='lat' dir='ltr'><strong>mesmes</strong></span> <span class='ocrx_word' id='word_1_2' title='bbox 1239 154 1381 203; x_wconf 70' lang='grc' dir='ltr'><strong>ΜΒ.</strong></span> <span class='ocrx_word' id='word_1_3' title='bbox 1411 155 1480 204; x_wconf 79' lang='grc' dir='ltr'><strong>Χ.</strong></span> <span class='ocrx_word' id='word_1_4' title='bbox 2057 139 2180 207; x_wconf 71' lang='lat'><strong>219</strong></span> 
     </span>
    </p>
   </div>
   <div class='ocr_carea' id='block_1_2' title="bbox 168 306 2180 3518">
    <p class='ocr_par' dir='ltr' id='par_1_2' title="bbox 168 306 2180 3349">
     <span class='ocr_line' id='line_1_2' title="bbox 176 306 1635 389; baseline -0.001 -19"><span class='ocrx_word' id='word_1_5' title='bbox 176 308 467 370; x_wconf 81' lang='lat' dir='ltr'><strong>Inferiore</strong></span> <span class='ocrx_word' id='word_1_6' title='bbox 510 306 674 385; x_wconf 74' lang='lat' dir='ltr'><strong>lyra,</strong></span> <span class='ocrx_word' id='word_1_7' title='bbox 710 324 1004 371; x_wconf 85' lang='lat' dir='ltr'><strong>memores</strong></span> <span class='ocrx_word' id='word_1_8' title='bbox 1041 310 1390 389; x_wconf 84' lang='lat' dir='ltr'><strong>superabitis</strong></span> <span class='ocrx_word' id='word_1_9' title='bbox 1433 324 1635 373; x_wconf 49' lang='lat' dir='ltr'><strong>annos,</strong></span> 
     </span>
     <span class='ocr_line' id='line_1_3' title="bbox 177 393 1789 483; baseline -0.001 -29"><span class='ocrx_word' id='word_1_10' title='bbox 177 393 450 455; x_wconf 81' lang='lat' dir='ltr'><strong>Forsitan</strong></span> <span class='ocrx_word' id='word_1_11' title='bbox 491 403 556 454; x_wconf 86' lang='lat' dir='ltr'><strong>et</strong></span> <span class='ocrx_word' id='word_1_12' title='bbox 597 395 841 456; x_wconf 84' lang='lat' dir='ltr'><strong>comites</strong></span> <span class='ocrx_word' id='word_1_13' title='bbox 881 413 997 456; x_wconf 91' lang='lat' dir='ltr'><strong>nou</strong></span> <span class='ocrx_word' id='word_1_14' title='bbox 1040 395 1440 474; x_wconf 68' lang='lat' dir='ltr'><strong>aspernabitur</strong></span> <span class='ocrx_word' id='word_1_15' title='bbox 1474 394 1706 456; x_wconf 86' lang='lat' dir='ltr'><strong>umbras</strong></span> <span class='ocrx_word' id='word_1_16' title='bbox 1782 468 1789 483; x_wconf 34' lang='lat' dir='ltr'><strong><em>s</em></strong></span> 
     </span>
     <span class='ocr_line' id='line_1_4' title="bbox 177 476 1569 558; baseline -0.001 -20"><span class='ocrx_word' id='word_1_17' title='bbox 177 476 471 554; x_wconf 78' lang='lat' dir='ltr'><strong>Euryalus</strong></span> <span class='ocrx_word' id='word_1_18' title='bbox 509 477 865 558; x_wconf 68' lang='lat' dir='ltr'>Phrygiique</span> <span class='ocrx_word' id='word_1_19' title='bbox 906 480 1166 543; x_wconf 73' lang='lat' dir='ltr'><strong>admittet</strong></span> <span class='ocrx_word' id='word_1_20' title='bbox 1197 480 1387 557; x_wconf 84' lang='lat' dir='ltr'><strong>gloria</strong></span> <span class='ocrx_word' id='word_1_21' title='bbox 1424 478 1569 539; x_wconf 81' lang='lat' dir='ltr'><strong>Nisi.</strong></span> 
     </span>
     <span class='ocr_line' id='line_1_5' title="bbox 177 562 1686 645; baseline 0 -22"><span class='ocrx_word' id='word_1_22' title='bbox 177 562 263 623; x_wconf 88' lang='lat' dir='ltr'><strong>At</strong></span> <span class='ocrx_word' id='word_1_23' title='bbox 303 562 465 623; x_wconf 86' lang='lat' dir='ltr'><strong>ferus</strong></span> <span class='ocrx_word' id='word_1_24' title='bbox 503 563 832 643; x_wconf 75' lang='lat' dir='ltr'>Amphion,</span> <span class='ocrx_word' id='word_1_25' title='bbox 875 565 1005 642; x_wconf 82' lang='lat' dir='ltr'><strong>regi</strong></span> <span class='ocrx_word' id='word_1_26' title='bbox 1049 565 1147 643; x_wconf 91' lang='lat' dir='ltr'><strong>qui</strong></span> <span class='ocrx_word' id='word_1_27' title='bbox 1188 565 1344 627; x_wconf 77' lang='lat' dir='ltr'><strong>faeta</strong></span> <span class='ocrx_word' id='word_1_28' title='bbox 1383 572 1686 645; x_wconf 73' lang='lat' dir='ltr'><strong>reportent</strong></span> 
     </span>
     <span class='ocr_line' id='line_1_6' title="bbox 173 645 2180 727; baseline 0.001 -20"><span class='ocrx_word' id='word_1_29' title='bbox 173 645 601 727; x_wconf 88' lang='lat' dir='ltr'><strong>Edoceantque</strong></span> <span class='ocrx_word' id='word_1_30' title='bbox 645 648 839 709; x_wconf 87' lang='lat' dir='ltr'><strong>dolum</strong></span> <span class='ocrx_word' id='word_1_31' title='bbox 876 650 1221 727; x_wconf 70' lang='lat' dir='ltr'><strong>captivaque</strong></span> <span class='ocrx_word' id='word_1_32' title='bbox 1266 665 1521 727; x_wconf 87' lang='lat' dir='ltr'><strong>corpora</strong></span> <span class='ocrx_word' id='word_1_33' title='bbox 1562 648 1830 723; x_wconf 81' lang='lat' dir='ltr'><strong>reddant,</strong></span> <span class='ocrx_word' id='word_1_34' title='bbox 2076 656 2180 710; x_wconf 83' lang='lat'><strong>450</strong></span> 
     </span>
     <span class='ocr_line' id='line_1_7' title="bbox 174 731 1663 811; baseline 0 -19"><span class='ocrx_word' id='word_1_35' title='bbox 174 731 352 792; x_wconf 72' lang='lat' dir='ltr'><strong>Mittit</strong></span> <span class='ocrx_word' id='word_1_36' title='bbox 392 749 603 800; x_wconf 70' lang='lat' dir='ltr'><strong>ovansz</strong></span> <span class='ocrx_word' id='word_1_37' title='bbox 650 732 863 794; x_wconf 88' lang='lat' dir='ltr'><strong>clausis</strong></span> <span class='ocrx_word' id='word_1_38' title='bbox 891 734 1037 811; x_wconf 89' lang='lat' dir='ltr'><strong>-ipse</strong></span> <span class='ocrx_word' id='word_1_39' title='bbox 1078 733 1355 797; x_wconf 84' lang='lat' dir='ltr'><strong>insultare</strong></span> <span class='ocrx_word' id='word_1_40' title='bbox 1394 731 1663 810; x_wconf 80' lang='lat' dir='ltr'><strong>Pelasgis</strong></span> 
     </span>
     <span class='ocr_line' id='line_1_8' title="bbox 176 815 1749 881; baseline -0.001 -2"><span class='ocrx_word' id='word_1_41' title='bbox 176 815 390 879; x_wconf 77' lang='lat' dir='ltr'><strong>Tendit</strong></span> <span class='ocrx_word' id='word_1_42' title='bbox 433 825 493 877; x_wconf 93' lang='lat' dir='ltr'><strong>et</strong></span> <span class='ocrx_word' id='word_1_43' title='bbox 534 816 799 881; x_wconf 81' lang='lat' dir='ltr'><strong>abscisos</strong></span> <span class='ocrx_word' id='word_1_44' title='bbox 841 818 1136 879; x_wconf 87' lang='lat' dir='ltr'><strong>sociorum</strong></span> <span class='ocrx_word' id='word_1_45' title='bbox 1163 817 1490 881; x_wconf 78' lang='lat' dir='ltr'><strong>‘ostendere</strong></span> <span class='ocrx_word' id='word_1_46' title='bbox 1521 818 1749 881; x_wconf 46' lang='lat' dir='ltr'><strong>vultus„</strong></span> 
     </span>
     <span class='ocr_line' id='line_1_9' title="bbox 175 900 1613 965; baseline 0.001 -5"><span class='ocrx_word' id='word_1_47' title='bbox 175 900 412 961; x_wconf 81' lang='lat' dir='ltr'><strong>Interea</strong></span> <span class='ocrx_word' id='word_1_48' title='bbox 450 901 725 963; x_wconf 88' lang='lat' dir='ltr'><strong>reducem</strong></span> <span class='ocrx_word' id='word_1_49' title='bbox 760 919 1054 963; x_wconf 76' lang='lat' dir='ltr'><strong>murorum</strong></span> <span class='ocrx_word' id='word_1_50' title='bbox 1087 921 1128 965; x_wconf 81' lang='lat' dir='ltr'><strong>e</strong></span> <span class='ocrx_word' id='word_1_51' title='bbox 1167 902 1418 965; x_wconf 81' lang='lat' dir='ltr'><strong>culmine</strong></span> <span class='ocrx_word' id='word_1_52' title='bbox 1457 900 1613 965; x_wconf 84' lang='lat' dir='ltr'><strong>Graii</strong></span> 
     </span>
     <span class='ocr_line' id='line_1_10' title="bbox 175 983 1889 1066; baseline 0.004 -22"><span class='ocrx_word' id='word_1_53' title='bbox 175 983 594 1047; x_wconf 74' lang='lat' dir='ltr'><strong>Thiodamanta</strong></span> <span class='ocrx_word' id='word_1_54' title='bbox 633 986 866 1064; x_wconf 80' lang='lat' dir='ltr'><strong>vident,</strong></span> <span class='ocrx_word' id='word_1_55' title='bbox 910 1005 1024 1049; x_wconf 89' lang='lat' dir='ltr'><strong>nec</strong></span> <span class='ocrx_word' id='word_1_56' title='bbox 1064 987 1179 1049; x_wconf 84' lang='lat' dir='ltr'><strong>iam</strong></span> <span class='ocrx_word' id='word_1_57' title='bbox 1219 987 1581 1066; x_wconf 81' lang='lat' dir='ltr'><strong>erumpentia</strong></span> <span class='ocrx_word' id='word_1_58' title='bbox 1621 987 1815 1049; x_wconf 86' lang='lat' dir='ltr'><strong>celant</strong></span> <span class='ocrx_word' id='word_1_59' title='bbox 1884 1046 1889 1051; x_wconf 86' lang='grc'><strong>.</strong></span> 
     </span>
     <span class='ocr_line' id='line_1_11' title="bbox 177 1068 2176 1146; baseline 0.001 -16"><span class='ocrx_word' id='word_1_60' title='bbox 177 1068 431 1146; x_wconf 84' lang='lat' dir='ltr'><strong>Gaudia,</strong></span> <span class='ocrx_word' id='word_1_61' title='bbox 474 1078 540 1132; x_wconf 90' lang='lat' dir='ltr'><strong>ut</strong></span> <span class='ocrx_word' id='word_1_62' title='bbox 578 1080 818 1131; x_wconf 80' lang='lat' dir='ltr'><strong>exertos</strong></span> <span class='ocrx_word' id='word_1_63' title='bbox 861 1089 1040 1133; x_wconf 85' lang='lat' dir='ltr'><strong>enses</strong></span> <span class='ocrx_word' id='word_1_64' title='bbox 1075 1080 1139 1133; x_wconf 90' lang='lat' dir='ltr'><strong>et</strong></span> <span class='ocrx_word' id='word_1_65' title='bbox 1180 1071 1367 1135; x_wconf 80' lang='lat' dir='ltr'><strong>caede</strong></span> <span class='ocrx_word' id='word_1_66' title='bbox 1398 1071 1628 1135; x_wconf 75' lang='lat' dir='ltr'><strong>recenti</strong></span> <span class='ocrx_word' id='word_1_67' title='bbox 1844 1084 1851 1093; x_wconf 88' lang='lat'><strong>·</strong></span> <span class='ocrx_word' id='word_1_68' title='bbox 1886 1106 1891 1111; x_wconf 98' lang='lat'>-</span> <span class='ocrx_word' id='word_1_69' title='bbox 2074 1078 2176 1132; x_wconf 80' lang='lat'><strong>455</strong></span> 
     </span>
     <span class='ocr_line' id='line_1_12' title="bbox 173 1153 2097 1233; baseline 0.003 -20"><span class='ocrx_word' id='word_1_70' title='bbox 173 1153 358 1214; x_wconf 84' lang='lat' dir='ltr'><strong>Arma</strong></span> <span class='ocrx_word' id='word_1_71' title='bbox 391 1154 606 1215; x_wconf 90' lang='lat' dir='ltr'><strong>rubere</strong></span> <span class='ocrx_word' id='word_1_72' title='bbox 646 1163 874 1226; x_wconf 77' lang='lat' dir='ltr'><strong>uetant:</strong></span> <span class='ocrx_word' id='word_1_73' title='bbox 920 1173 1122 1219; x_wconf 84' lang='lat' dir='ltr'><strong>novus—</strong></span> <span class='ocrx_word' id='word_1_74' title='bbox 1149 1157 1334 1219; x_wconf 78' lang='lat' dir='ltr'><strong>assilit</strong></span> <span class='ocrx_word' id='word_1_75' title='bbox 1371 1155 1613 1219; x_wconf 78' lang='lat' dir='ltr'><strong>aethera</strong></span> <span class='ocrx_word' id='word_1_76' title='bbox 1641 1172 1909 1233; x_wconf 82' lang='lat' dir='ltr'><strong>magnum</strong></span> <span class='ocrx_word' id='word_1_77' title='bbox 1932 1190 1953 1215; x_wconf 91' lang='lat'><strong>·.</strong></span> <span class='ocrx_word' id='word_1_78' title='bbox 2022 1192 2027 1219; x_wconf 80' lang='grc'>;</span> <span class='ocrx_word' id='word_1_79' title='bbox 2092 1194 2097 1201; x_wconf 70' lang='lat'><strong><em>‹</em></strong></span> 
     </span>
     <span class='ocr_line' id='line_1_13' title="bbox 177 1235 2013 1320; baseline 0.001 -23"><span class='ocrx_word' id='word_1_80' title='bbox 177 1235 447 1314; x_wconf 85' lang='lat' dir='ltr'><strong>Clamor,</strong></span> <span class='ocrx_word' id='word_1_81' title='bbox 497 1247 559 1299; x_wconf 85' lang='lat' dir='ltr'><strong>et</strong></span> <span class='ocrx_word' id='word_1_82' title='bbox 598 1257 632 1298; x_wconf 94' lang='lat' dir='ltr'><strong>e</strong></span> <span class='ocrx_word' id='word_1_83' title='bbox 673 1257 894 1301; x_wconf 83' lang='lat' dir='ltr'><strong>summo</strong></span> <span class='ocrx_word' id='word_1_84' title='bbox 927 1240 1186 1320; x_wconf 73' lang='lat' dir='ltr'><strong>pendent</strong></span> <span class='ocrx_word' id='word_1_85' title='bbox 1222 1240 1432 1319; x_wconf 79' lang='lat' dir='ltr'><strong>cupida</strong></span> <span class='ocrx_word' id='word_1_86' title='bbox 1474 1242 1702 1319; x_wconf 77' lang='lat' dir='ltr'><strong>agmina</strong></span> <span class='ocrx_word' id='word_1_87' title='bbox 1735 1240 1917 1303; x_wconf 74' lang='lat' dir='ltr'><strong>vallo,</strong></span> <span class='ocrx_word' id='word_1_88' title='bbox 2008 1282 2013 1289; x_wconf 82' lang='lat'><em>.</em></span> 
     </span>
     <span class='ocr_line' id='line_1_14' title="bbox 173 1321 2011 1403; baseline 0.001 -21"><span class='ocrx_word' id='word_1_89' title='bbox 173 1321 446 1383; x_wconf 81' lang='lat' dir='ltr'><strong>Noscere</strong></span> <span class='ocrx_word' id='word_1_90' title='bbox 487 1324 734 1403; x_wconf 88' lang='lat' dir='ltr'><strong>quisque</strong></span> <span class='ocrx_word' id='word_1_91' title='bbox 778 1342 936 1387; x_wconf 87' lang='lat' dir='ltr'><strong>suos.</strong></span> <span class='ocrx_word' id='word_1_92' title='bbox 1011 1325 1330 1387; x_wconf 73' lang='lat' dir='ltr'><strong>Voluerunt</strong></span> <span class='ocrx_word' id='word_1_93' title='bbox 1372 1326 1460 1385; x_wconf 89' lang='lat' dir='ltr'><strong>sic</strong></span> <span class='ocrx_word' id='word_1_94' title='bbox 1499 1325 1665 1387; x_wconf 83' lang='lat' dir='ltr'><strong>turba</strong></span> <span class='ocrx_word' id='word_1_95' title='bbox 1707 1333 2011 1385; x_wconf 78' lang='lat' dir='ltr'><strong>recentum</strong></span> 
     </span>
     <span class='ocr_line' id='line_1_15' title="bbox 175 1405 1923 1490; baseline 0.001 -23"><span class='ocrx_word' id='word_1_96' title='bbox 175 1405 369 1481; x_wconf 85' lang='lat' dir='ltr'><strong>Quum</strong></span> <span class='ocrx_word' id='word_1_97' title='bbox 409 1408 685 1469; x_wconf 83' lang='lat' dir='ltr'><strong>reducem</strong></span> <span class='ocrx_word' id='word_1_98' title='bbox 723 1408 902 1486; x_wconf 85' lang='lat' dir='ltr'><strong>longo</strong></span> <span class='ocrx_word' id='word_1_99' title='bbox 941 1411 1253 1490; x_wconf 75' lang='lat' dir='ltr'><strong>prespexit</strong></span> <span class='ocrx_word' id='word_1_100' title='bbox 1288 1410 1361 1469; x_wconf 73' lang='lat' dir='ltr'><strong>in·</strong></span> <span class='ocrx_word' id='word_1_101' title='bbox 1386 1409 1629 1471; x_wconf 82' lang='lat' dir='ltr'><strong>aethere</strong></span> <span class='ocrx_word' id='word_1_102' title='bbox 1661 1418 1923 1485; x_wconf 79' lang='lat' dir='ltr'><strong>matrem,</strong></span> 
     </span>
     <span class='ocr_line' id='line_1_16' title="bbox 173 1489 2178 1574; baseline 0.001 -23"><span class='ocrx_word' id='word_1_103' title='bbox 173 1489 274 1552; x_wconf 87' lang='lat' dir='ltr'><strong>Ire</strong></span> <span class='ocrx_word' id='word_1_104' title='bbox 313 1492 471 1572; x_wconf 88' lang='lat' dir='ltr'><strong>cupit</strong></span> <span class='ocrx_word' id='word_1_105' title='bbox 516 1502 716 1554; x_wconf 80' lang='lat' dir='ltr'><strong>contra</strong></span> <span class='ocrx_word' id='word_1_106' title='bbox 757 1508 1094 1574; x_wconf 78' lang='lat' dir='ltr'><strong>summaque</strong></span> <span class='ocrx_word' id='word_1_107' title='bbox 1138 1513 1174 1555; x_wconf 90' lang='lat' dir='ltr'><strong>e</strong></span> <span class='ocrx_word' id='word_1_108' title='bbox 1211 1496 1472 1571; x_wconf 75' lang='lat' dir='ltr'><strong>margine</strong></span> <span class='ocrx_word' id='word_1_109' title='bbox 1514 1494 1635 1557; x_wconf 88' lang='lat' dir='ltr'><strong>nidi</strong></span> <span class='ocrx_word' id='word_1_110' title='bbox 2073 1501 2178 1555; x_wconf 76' lang='lat'><strong>460</strong></span> 
     </span>
     <span class='ocr_line' id='line_1_17' title="bbox 172 1574 1818 1661; baseline 0.001 -24"><span class='ocrx_word' id='word_1_111' title='bbox 172 1574 358 1637; x_wconf 85' lang='lat' dir='ltr'><strong>Extat</strong></span> <span class='ocrx_word' id='word_1_112' title='bbox 399 1575 589 1646; x_wconf 83' lang='lat' dir='ltr'><strong>hians;</strong></span> <span class='ocrx_word' id='word_1_113' title='bbox 634 1578 746 1639; x_wconf 82' lang='lat' dir='ltr'><strong>iam</strong></span> <span class='ocrx_word' id='word_1_114' title='bbox 783 1578 1016 1657; x_wconf 84' lang='lat' dir='ltr'><strong>iamque</strong></span> <span class='ocrx_word' id='word_1_115' title='bbox 1058 1577 1257 1654; x_wconf 76' lang='lat' dir='ltr'><strong>cadat,</strong></span> <span class='ocrx_word' id='word_1_116' title='bbox 1302 1579 1361 1638; x_wconf 92' lang='lat' dir='ltr'><strong>ni</strong></span> <span class='ocrx_word' id='word_1_117' title='bbox 1404 1587 1818 1661; x_wconf 84' lang='lat' dir='ltr'><strong>pectoretoto</strong></span> 
     </span>
     <span class='ocr_line' id='line_1_18' title="bbox 175 1659 1846 1741; baseline 0 -20"><span class='ocrx_word' id='word_1_118' title='bbox 175 1659 392 1722; x_wconf 73' lang='lat' dir='ltr'><strong>obstet</strong></span> <span class='ocrx_word' id='word_1_119' title='bbox 436 1670 639 1741; x_wconf 88' lang='lat' dir='ltr'><strong>aperta</strong></span> <span class='ocrx_word' id='word_1_120' title='bbox 680 1680 896 1741; x_wconf 82' lang='lat' dir='ltr'><strong>parens</strong></span> <span class='ocrx_word' id='word_1_121' title='bbox 941 1672 999 1724; x_wconf 90' lang='lat' dir='ltr'><strong>et</strong></span> <span class='ocrx_word' id='word_1_122' title='bbox 1037 1662 1361 1725; x_wconf 51' lang='lat' dir='ltr'><strong>¹amantibus</strong></span> <span class='ocrx_word' id='word_1_123' title='bbox 1406 1663 1674 1741; x_wconf 83' lang='lat' dir='ltr'><strong>increpet</strong></span> <span class='ocrx_word' id='word_1_124' title='bbox 1717 1662 1846 1723; x_wconf 86' lang='lat' dir='ltr'><strong>alis.</strong></span> 
     </span>
     <span class='ocr_line' id='line_1_19' title="bbox 172 1743 1878 1826; baseline -0.001 -20"><span class='ocrx_word' id='word_1_125' title='bbox 172 1743 444 1824; x_wconf 83' lang='lat' dir='ltr'><strong>Dumque</strong></span> <span class='ocrx_word' id='word_1_126' title='bbox 489 1763 637 1826; x_wconf 90' lang='lat' dir='ltr'><strong>opus</strong></span> <span class='ocrx_word' id='word_1_127' title='bbox 680 1765 950 1811; x_wconf 80' lang='lat' dir='ltr'><strong>arcanum</strong></span> <span class='ocrx_word' id='word_1_128' title='bbox 995 1757 1054 1809; x_wconf 87' lang='lat' dir='ltr'><strong>et</strong></span> <span class='ocrx_word' id='word_1_129' title='bbox 1093 1747 1253 1809; x_wconf 82' lang='lat' dir='ltr'><strong>taciti</strong></span> <span class='ocrx_word' id='word_1_130' title='bbox 1292 1747 1640 1825; x_wconf 74' lang='lat' dir='ltr'><strong>compendia</strong></span> <span class='ocrx_word' id='word_1_131' title='bbox 1679 1745 1878 1811; x_wconf 79' lang='lat' dir='ltr'><strong>Martis</strong></span> 
     </span>
     <span class='ocr_line' id='line_1_20' title="bbox 173 1829 1752 1911; baseline 0.001 -22"><span class='ocrx_word' id='word_1_132' title='bbox 173 1829 529 1911; x_wconf 84' lang='lat' dir='ltr'><strong>Enumerant</strong></span> <span class='ocrx_word' id='word_1_133' title='bbox 571 1830 862 1911; x_wconf 85' lang='lat' dir='ltr'><strong>laetisque</strong></span> <span class='ocrx_word' id='word_1_134' title='bbox 901 1850 1043 1894; x_wconf 86' lang='lat' dir='ltr'><strong>suos</strong></span> <span class='ocrx_word' id='word_1_135' title='bbox 1081 1830 1485 1910; x_wconf 72' lang='lat' dir='ltr'><strong>complexibus</strong></span> <span class='ocrx_word' id='word_1_136' title='bbox 1528 1831 1752 1910; x_wconf 78' lang='lat' dir='ltr'><strong>inplent</strong></span> 
     </span>
     <span class='ocr_line' id='line_1_21' title="bbox 168 1913 2176 1996; baseline 0.002 -21"><span class='ocrx_word' id='word_1_137' title='bbox 168 1913 523 1994; x_wconf 87' lang='lat' dir='ltr'><strong>Hopleaque</strong></span> <span class='ocrx_word' id='word_1_138' title='bbox 568 1918 876 1996; x_wconf 81' lang='lat' dir='ltr'><strong>exquirunt</strong></span> <span class='ocrx_word' id='word_1_139' title='bbox 913 1917 1254 1996; x_wconf 85' lang='lat' dir='ltr'><strong>tardumque</strong></span> <span class='ocrx_word' id='word_1_140' title='bbox 1296 1915 1582 1991; x_wconf 80' lang='lat' dir='ltr'><strong>Dymanta</strong></span> <span class='ocrx_word' id='word_1_141' title='bbox 1617 1923 1953 1995; x_wconf 82' lang='lat' dir='ltr'><strong>queruntur,</strong></span> <span class='ocrx_word' id='word_1_142' title='bbox 2072 1924 2176 1979; x_wconf 81' lang='lat'><strong>465</strong></span> 
     </span>
     <span class='ocr_line' id='line_1_22' title="bbox 172 1997 1573 2064; baseline 0.001 -5"><span class='ocrx_word' id='word_1_143' title='bbox 172 1997 343 2060; x_wconf 88' lang='lat' dir='ltr'><strong>Ecce</strong></span> <span class='ocrx_word' id='word_1_144' title='bbox 383 2009 443 2060; x_wconf 92' lang='lat' dir='ltr'><strong>et</strong></span> <span class='ocrx_word' id='word_1_145' title='bbox 481 1998 736 2061; x_wconf 88' lang='lat' dir='ltr'><strong>Dirceae</strong></span> <span class='ocrx_word' id='word_1_146' title='bbox 777 2002 937 2063; x_wconf 85' lang='lat' dir='ltr'><strong>iuxta</strong></span> <span class='ocrx_word' id='word_1_147' title='bbox 975 2002 1096 2064; x_wconf 82' lang='lat' dir='ltr'><strong>dux</strong></span> <span class='ocrx_word' id='word_1_148' title='bbox 1138 2002 1400 2062; x_wconf 87' lang='lat' dir='ltr'><strong>concitus</strong></span> <span class='ocrx_word' id='word_1_149' title='bbox 1443 2001 1573 2062; x_wconf 87' lang='lat' dir='ltr'><strong>alae</strong></span> 
     </span>
     <span class='ocr_line' id='line_1_23' title="bbox 171 2083 1741 2164; baseline 0.001 -20"><span class='ocrx_word' id='word_1_150' title='bbox 171 2083 440 2145; x_wconf 86' lang='lat' dir='ltr'><strong>Venerat</strong></span> <span class='ocrx_word' id='word_1_151' title='bbox 475 2084 802 2164; x_wconf 81' lang='lat' dir='ltr'><strong>Amphion,</strong></span> <span class='ocrx_word' id='word_1_152' title='bbox 846 2103 964 2146; x_wconf 88' lang='lat' dir='ltr'><strong>non</strong></span> <span class='ocrx_word' id='word_1_153' title='bbox 1007 2087 1243 2164; x_wconf 84' lang='lat' dir='ltr'><strong>longum</strong></span> <span class='ocrx_word' id='word_1_154' title='bbox 1286 2085 1470 2147; x_wconf 87' lang='lat' dir='ltr'><strong>caede</strong></span> <span class='ocrx_word' id='word_1_155' title='bbox 1514 2085 1741 2147; x_wconf 87' lang='lat' dir='ltr'><strong>recenti</strong></span> 
     </span>
     <span class='ocr_line' id='line_1_24' title="bbox 173 2168 1581 2233; baseline 0.001 -5"><span class='ocrx_word' id='word_1_156' title='bbox 173 2168 450 2229; x_wconf 86' lang='lat' dir='ltr'><strong>Laetatus</strong></span> <span class='ocrx_word' id='word_1_157' title='bbox 492 2170 653 2230; x_wconf 78' lang='lat' dir='ltr'><strong>videt</strong></span> <span class='ocrx_word' id='word_1_158' title='bbox 696 2171 1008 2232; x_wconf 85' lang='lat' dir='ltr'><strong>innumeris</strong></span> <span class='ocrx_word' id='word_1_159' title='bbox 1048 2171 1285 2232; x_wconf 85' lang='lat' dir='ltr'><strong>fervere</strong></span> <span class='ocrx_word' id='word_1_160' title='bbox 1328 2171 1581 2233; x_wconf 77' lang='lat' dir='ltr'><strong>catervis</strong></span> 
     </span>
     <span class='ocr_line' id='line_1_25' title="bbox 174 2253 1655 2335; baseline -0.001 -20"><span class='ocrx_word' id='word_1_161' title='bbox 174 2253 473 2315; x_wconf 85' lang='lat' dir='ltr'><strong>Tellurem</strong></span> <span class='ocrx_word' id='word_1_162' title='bbox 512 2262 687 2333; x_wconf 89' lang='lat' dir='ltr'><strong>atque</strong></span> <span class='ocrx_word' id='word_1_163' title='bbox 729 2273 838 2319; x_wconf 91' lang='lat' dir='ltr'><strong>una</strong></span> <span class='ocrx_word' id='word_1_164' title='bbox 875 2264 1109 2334; x_wconf 86' lang='lat' dir='ltr'><strong>gentem</strong></span> <span class='ocrx_word' id='word_1_165' title='bbox 1154 2255 1429 2335; x_wconf 82' lang='lat' dir='ltr'><strong>expirare</strong></span> <span class='ocrx_word' id='word_1_166' title='bbox 1471 2257 1655 2319; x_wconf 81' lang='lat' dir='ltr'><strong>ruina.</strong></span> 
     </span>
     <span class='ocr_line' id='line_1_26' title="bbox 176 2336 2179 2419; baseline 0 -22"><span class='ocrx_word' id='word_1_167' title='bbox 176 2336 294 2411; x_wconf 85' lang='lat' dir='ltr'><strong>Qui</strong></span> <span class='ocrx_word' id='word_1_168' title='bbox 331 2347 553 2399; x_wconf 89' lang='lat' dir='ltr'><strong>tremor</strong></span> <span class='ocrx_word' id='word_1_169' title='bbox 587 2339 804 2401; x_wconf 89' lang='lat' dir='ltr'><strong>inlicita</strong></span> <span class='ocrx_word' id='word_1_170' title='bbox 845 2340 1003 2402; x_wconf 89' lang='lat' dir='ltr'><strong>coeli</strong></span> <span class='ocrx_word' id='word_1_171' title='bbox 1046 2341 1120 2403; x_wconf 87' lang='lat' dir='ltr'><strong>de</strong></span> <span class='ocrx_word' id='word_1_172' title='bbox 1163 2339 1432 2419; x_wconf 86' lang='lat' dir='ltr'><strong>lampade</strong></span> <span class='ocrx_word' id='word_1_173' title='bbox 1473 2349 1663 2400; x_wconf 88' lang='lat' dir='ltr'><strong>tactos</strong></span> <span class='ocrx_word' id='word_1_174' title='bbox 2071 2343 2179 2399; x_wconf 83' lang='lat'><strong>470</strong></span> 
     </span>
     <span class='ocr_line' id='line_1_27' title="bbox 170 2420 1775 2504; baseline 0.002 -22"><span class='ocrx_word' id='word_1_175' title='bbox 170 2420 287 2482; x_wconf 89' lang='lat' dir='ltr'><strong>Hic</strong></span> <span class='ocrx_word' id='word_1_176' title='bbox 327 2422 450 2484; x_wconf 86' lang='lat' dir='ltr'><strong>fixit</strong></span> <span class='ocrx_word' id='word_1_177' title='bbox 490 2424 790 2500; x_wconf 86' lang='lat' dir='ltr'><strong>iuvenem,</strong></span> <span class='ocrx_word' id='word_1_178' title='bbox 839 2427 1173 2504; x_wconf 80' lang='lat' dir='ltr'><strong>pariterque</strong></span> <span class='ocrx_word' id='word_1_179' title='bbox 1211 2424 1460 2487; x_wconf 82' lang='lat' dir='ltr'><strong>horrore</strong></span> <span class='ocrx_word' id='word_1_180' title='bbox 1506 2423 1615 2485; x_wconf 87' lang='lat' dir='ltr'><strong>sub</strong></span> <span class='ocrx_word' id='word_1_181' title='bbox 1657 2440 1775 2485; x_wconf 80' lang='lat' dir='ltr'><strong>uuo</strong></span> 
     </span>
     <span class='ocr_line' id='line_1_28' title="bbox 170 2506 1891 2588; baseline 0.003 -23"><span class='ocrx_word' id='word_1_182' title='bbox 170 2506 312 2566; x_wconf 84' lang='lat' dir='ltr'><strong>Vox</strong></span> <span class='ocrx_word' id='word_1_183' title='bbox 354 2507 515 2568; x_wconf 89' lang='lat' dir='ltr'><strong>acies</strong></span> <span class='ocrx_word' id='word_1_184' title='bbox 558 2510 911 2588; x_wconf 82' lang='lat' dir='ltr'><strong>sanguisque</strong></span> <span class='ocrx_word' id='word_1_185' title='bbox 954 2511 1138 2588; x_wconf 89' lang='lat' dir='ltr'><strong>perit,</strong></span> <span class='ocrx_word' id='word_1_186' title='bbox 1183 2509 1552 2588; x_wconf 81' lang='lat' dir='ltr'><strong>gemitusque</strong></span> <span class='ocrx_word' id='word_1_187' title='bbox 1591 2516 1891 2587; x_wconf 84' lang='lat' dir='ltr'><strong>parantem</strong></span> 
     </span>
     <span class='ocr_line' id='line_1_29' title="bbox 172 2590 1702 2672; baseline 0.003 -23"><span class='ocrx_word' id='word_1_188' title='bbox 172 2590 315 2669; x_wconf 89' lang='lat' dir='ltr'><strong>Ipse</strong></span> <span class='ocrx_word' id='word_1_189' title='bbox 358 2592 511 2653; x_wconf 89' lang='lat' dir='ltr'><strong>ultro</strong></span> <span class='ocrx_word' id='word_1_190' title='bbox 553 2594 846 2654; x_wconf 81' lang='lat' dir='ltr'><strong>convertit</strong></span> <span class='ocrx_word' id='word_1_191' title='bbox 888 2611 1105 2672; x_wconf 85' lang='lat' dir='ltr'><strong>equus;</strong></span> <span class='ocrx_word' id='word_1_192' title='bbox 1157 2594 1303 2672; x_wconf 81' lang='lat' dir='ltr'><strong>fugit</strong></span> <span class='ocrx_word' id='word_1_193' title='bbox 1345 2594 1438 2655; x_wconf 87' lang='lat' dir='ltr'><strong>ala</strong></span> <span class='ocrx_word' id='word_1_194' title='bbox 1477 2602 1702 2655; x_wconf 78' lang='lat' dir='ltr'><strong>retorto</strong></span> 
     </span>
     <span class='ocr_line' id='line_1_30' title="bbox 173 2673 1920 2753; baseline 0.001 -19"><span class='ocrx_word' id='word_1_195' title='bbox 173 2673 449 2735; x_wconf 82' lang='lat' dir='ltr'><strong>Pulvere.</strong></span> <span class='ocrx_word' id='word_1_196' title='bbox 530 2676 798 2738; x_wconf 88' lang='lat' dir='ltr'><strong>Nondum</strong></span> <span class='ocrx_word' id='word_1_197' title='bbox 838 2678 925 2739; x_wconf 89' lang='lat' dir='ltr'><strong>illi</strong></span> <span class='ocrx_word' id='word_1_198' title='bbox 967 2676 1296 2741; x_wconf 87' lang='lat' dir='ltr'><strong>Thebarum</strong></span> <span class='ocrx_word' id='word_1_199' title='bbox 1334 2678 1587 2743; x_wconf 82' lang='lat' dir='ltr'><strong>claustra</strong></span> <span class='ocrx_word' id='word_1_200' title='bbox 1629 2676 1920 2753; x_wconf 80' lang='lat' dir='ltr'><strong>subibant,</strong></span> 
     </span>
     <span class='ocr_line' id='line_1_31' title="bbox 174 2759 2177 2842; baseline 0.002 -23"><span class='ocrx_word' id='word_1_201' title='bbox 174 2759 257 2820; x_wconf 87' lang='lat' dir='ltr'><strong>Et</strong></span> <span class='ocrx_word' id='word_1_202' title='bbox 297 2760 409 2820; x_wconf 87' lang='lat' dir='ltr'><strong>iam</strong></span> <span class='ocrx_word' id='word_1_203' title='bbox 446 2761 668 2839; x_wconf 86' lang='lat' dir='ltr'><strong>Argiva</strong></span> <span class='ocrx_word' id='word_1_204' title='bbox 713 2762 928 2825; x_wconf 87' lang='lat' dir='ltr'><strong>cohors</strong></span> <span class='ocrx_word' id='word_1_205' title='bbox 970 2772 1255 2824; x_wconf 80' lang='lat' dir='ltr'><strong>nocturno</strong></span> <span class='ocrx_word' id='word_1_206' title='bbox 1297 2761 1449 2823; x_wconf 84' lang='lat' dir='ltr'><strong>freta</strong></span> <span class='ocrx_word' id='word_1_207' title='bbox 1486 2762 1777 2842; x_wconf 80' lang='lat' dir='ltr'><strong>triumpho</strong></span> <span class='ocrx_word' id='word_1_208' title='bbox 2072 2768 2177 2824; x_wconf 74' lang='lat'><strong>475</strong></span> 
     </span>
     <span class='ocr_line' id='line_1_32' title="bbox 173 2842 2007 2926; baseline 0.002 -22"><span class='ocrx_word' id='word_1_209' title='bbox 173 2842 414 2904; x_wconf 85' lang='lat' dir='ltr'><strong>Prosilit</strong></span> <span class='ocrx_word' id='word_1_210' title='bbox 454 2847 514 2905; x_wconf 89' lang='lat' dir='ltr'><strong>in</strong></span> <span class='ocrx_word' id='word_1_211' title='bbox 553 2864 825 2925; x_wconf 84' lang='lat' dir='ltr'><strong>campos,</strong></span> <span class='ocrx_word' id='word_1_212' title='bbox 871 2866 983 2926; x_wconf 90' lang='lat' dir='ltr'><strong>per</strong></span> <span class='ocrx_word' id='word_1_213' title='bbox 1026 2856 1085 2910; x_wconf 87' lang='lat' dir='ltr'><strong>et</strong></span> <span class='ocrx_word' id='word_1_214' title='bbox 1128 2865 1285 2909; x_wconf 87' lang='lat' dir='ltr'><strong>arma</strong></span> <span class='ocrx_word' id='word_1_215' title='bbox 1332 2857 1391 2908; x_wconf 92' lang='lat' dir='ltr'><strong>et</strong></span> <span class='ocrx_word' id='word_1_216' title='bbox 1422 2847 1686 2913; x_wconf 75' lang='lat' dir='ltr'><strong>membra</strong></span> <span class='ocrx_word' id='word_1_217' title='bbox 1719 2847 2007 2911; x_wconf 81' lang='lat' dir='ltr'><strong>iacentum</strong></span> 
     </span>
     <span class='ocr_line' id='line_1_33' title="bbox 176 2926 1833 3011; baseline 0.005 -22"><span class='ocrx_word' id='word_1_218' title='bbox 176 2926 477 3008; x_wconf 89' lang='lat' dir='ltr'><strong>Tetraque</strong></span> <span class='ocrx_word' id='word_1_219' title='bbox 522 2932 801 3008; x_wconf 83' lang='lat' dir='ltr'><strong>congerie</strong></span> <span class='ocrx_word' id='word_1_220' title='bbox 845 2933 975 2993; x_wconf 82' lang='lat' dir='ltr'><strong>sola</strong></span> <span class='ocrx_word' id='word_1_221' title='bbox 1018 2933 1529 3011; x_wconf 85' lang='lat' dir='ltr'><strong>semianimumque</strong></span> <span class='ocrx_word' id='word_1_222' title='bbox 1565 2948 1833 2997; x_wconf 84' lang='lat' dir='ltr'><strong>cruorem</strong></span> 
     </span>
     <span class='ocr_line' id='line_1_34' title="bbox 176 3010 1740 3094; baseline 0.001 -21"><span class='ocrx_word' id='word_1_223' title='bbox 176 3010 549 3091; x_wconf 79' lang='lat' dir='ltr'><strong>Cornipedes</strong></span> <span class='ocrx_word' id='word_1_224' title='bbox 581 3016 814 3094; x_wconf 90' lang='lat' dir='ltr'><strong>ipsique</strong></span> <span class='ocrx_word' id='word_1_225' title='bbox 854 3026 1049 3085; x_wconf 73' lang='lat' dir='ltr'><strong>ruunt:</strong></span> <span class='ocrx_word' id='word_1_226' title='bbox 1087 3018 1284 3094; x_wconf 85' lang='lat' dir='ltr'><strong>gravis</strong></span> <span class='ocrx_word' id='word_1_227' title='bbox 1331 3017 1543 3077; x_wconf 83' lang='lat' dir='ltr'><strong>exterit</strong></span> <span class='ocrx_word' id='word_1_228' title='bbox 1582 3025 1740 3077; x_wconf 86' lang='lat' dir='ltr'><strong>artus</strong></span> 
     </span>
     <span class='ocr_line' id='line_1_35' title="bbox 170 3096 1843 3180; baseline 0 -22"><span class='ocrx_word' id='word_1_229' title='bbox 170 3096 439 3175; x_wconf 83' lang='lat' dir='ltr'><strong>Ungula,</strong></span> <span class='ocrx_word' id='word_1_230' title='bbox 498 3101 851 3177; x_wconf 78' lang='lat' dir='ltr'><strong>sanguineus</strong></span> <span class='ocrx_word' id='word_1_231' title='bbox 893 3101 1050 3163; x_wconf 80' lang='lat' dir='ltr'><strong>lavat</strong></span> <span class='ocrx_word' id='word_1_232' title='bbox 1088 3101 1275 3163; x_wconf 87' lang='lat' dir='ltr'><strong>imber</strong></span> <span class='ocrx_word' id='word_1_233' title='bbox 1319 3109 1378 3161; x_wconf 89' lang='lat' dir='ltr'><strong>et</strong></span> <span class='ocrx_word' id='word_1_234' title='bbox 1416 3101 1639 3180; x_wconf 87' lang='lat' dir='ltr'><strong>inpedit</strong></span> <span class='ocrx_word' id='word_1_235' title='bbox 1681 3118 1843 3165; x_wconf 78' lang='lat' dir='ltr'><strong>axes.</strong></span> 
     </span>
     <span class='ocr_line' id='line_1_36' title="bbox 171 3180 2174 3265; baseline 0.004 -24"><span class='ocrx_word' id='word_1_236' title='bbox 171 3180 366 3242; x_wconf 90' lang='lat' dir='ltr'><strong>Dulce</strong></span> <span class='ocrx_word' id='word_1_237' title='bbox 401 3183 546 3243; x_wconf 80' lang='lat' dir='ltr'><strong>‘viris</strong></span> <span class='ocrx_word' id='word_1_238' title='bbox 590 3183 702 3245; x_wconf 86' lang='lat' dir='ltr'><strong>hac</strong></span> <span class='ocrx_word' id='word_1_239' title='bbox 742 3185 831 3245; x_wconf 89' lang='lat' dir='ltr'><strong>ire</strong></span> <span class='ocrx_word' id='word_1_240' title='bbox 872 3187 996 3262; x_wconf 82' lang='lat' dir='ltr'><strong>via,</strong></span> <span class='ocrx_word' id='word_1_241' title='bbox 1041 3203 1154 3245; x_wconf 87' lang='lat' dir='ltr'><strong>ceu</strong></span> <span class='ocrx_word' id='word_1_242' title='bbox 1195 3193 1354 3247; x_wconf 75' lang='lat' dir='ltr'><strong>tecta</strong></span> <span class='ocrx_word' id='word_1_243' title='bbox 1394 3185 1635 3265; x_wconf 85' lang='lat' dir='ltr'><strong>superbi</strong></span> <span class='ocrx_word' id='word_1_244' title='bbox 2067 3191 2174 3249; x_wconf 85' lang='grc'><strong>480</strong></span> 
     </span>
     <span class='ocr_line' id='line_1_37' title="bbox 170 3265 1770 3349; baseline -0.001 -22"><span class='ocrx_word' id='word_1_245' title='bbox 170 3265 414 3328; x_wconf 88' lang='lat' dir='ltr'><strong>Sidonia</strong></span> <span class='ocrx_word' id='word_1_246' title='bbox 454 3277 628 3347; x_wconf 86' lang='lat' dir='ltr'><strong>atque</strong></span> <span class='ocrx_word' id='word_1_247' title='bbox 671 3269 829 3349; x_wconf 79' lang='lat' dir='ltr'><strong>ipsas</strong></span> <span class='ocrx_word' id='word_1_248' title='bbox 875 3269 1103 3331; x_wconf 89' lang='lat' dir='ltr'><strong>calcent</strong></span> <span class='ocrx_word' id='word_1_249' title='bbox 1145 3271 1204 3329; x_wconf 90' lang='lat' dir='ltr'><strong>in</strong></span> <span class='ocrx_word' id='word_1_250' title='bbox 1239 3270 1486 3349; x_wconf 77' lang='lat' dir='ltr'><strong>pulvere</strong></span> <span class='ocrx_word' id='word_1_251' title='bbox 1521 3268 1770 3331; x_wconf 86' lang='lat' dir='ltr'><strong>Thebas.</strong></span> 
     </span>
    </p>

    <p class='ocr_par' dir='ltr' id='par_1_3' title="bbox 168 3350 1898 3518">
     <span class='ocr_line' id='line_1_38' title="bbox 295 3350 1862 3435; baseline -0.001 -23"><span class='ocrx_word' id='word_1_252' title='bbox 295 3350 573 3414; x_wconf 87' lang='lat' dir='ltr'><strong>Hortatur</strong></span> <span class='ocrx_word' id='word_1_253' title='bbox 609 3350 950 3435; x_wconf 76' lang='lat' dir='ltr'><strong>Capaneus:</strong></span> <span class='ocrx_word' id='word_1_254' title='bbox 1012 3354 1202 3415; x_wconf 77' lang='lat' dir='ltr'><strong>‘Satis</strong></span> <span class='ocrx_word' id='word_1_255' title='bbox 1243 3354 1565 3431; x_wconf 81' lang='lat' dir='ltr'><strong>occultata,</strong></span> <span class='ocrx_word' id='word_1_256' title='bbox 1608 3353 1862 3428; x_wconf 85' lang='lat' dir='ltr'><strong>Pelasgi,</strong></span> 
     </span>
     <span class='ocr_line' id='line_1_39' title="bbox 168 3434 1898 3518; baseline 0 -21"><span class='ocrx_word' id='word_1_257' title='bbox 168 3434 415 3498; x_wconf 86' lang='lat' dir='ltr'><strong>Delituit</strong></span> <span class='ocrx_word' id='word_1_258' title='bbox 456 3437 669 3508; x_wconf 84' lang='lat' dir='ltr'><strong>virtns;</strong></span> <span class='ocrx_word' id='word_1_259' title='bbox 716 3456 900 3518; x_wconf 86' lang='lat' dir='ltr'><strong>nunc,</strong></span> <span class='ocrx_word' id='word_1_260' title='bbox 944 3454 1097 3501; x_wconf 88' lang='lat' dir='ltr'><strong>nunc</strong></span> <span class='ocrx_word' id='word_1_261' title='bbox 1138 3438 1276 3502; x_wconf 92' lang='lat' dir='ltr'><strong>mihi</strong></span> <span class='ocrx_word' id='word_1_262' title='bbox 1312 3441 1553 3500; x_wconf 83' lang='lat' dir='ltr'><strong>vincere</strong></span> <span class='ocrx_word' id='word_1_263' title='bbox 1597 3435 1898 3517; x_wconf 85' lang='lat' dir='ltr'><strong>pulchrum</strong></span> 
     </span>
    </p>
   </div>
  </div>
 </body>
</html>
