2517 3909
774 133 1175 183 THEBA1Dos
1221 136 1362 185 Lm.
1402 135 1552 184 vm.
2040 124 2158 188 163
2230 111 2249 118 “

166 288 523 368 Tisiphone,
568 299 659 367 et,
707 291 758 350 si
794 292 1022 369 quando
1066 291 1234 351 novis
1276 292 1595 369 asperrima
1638 294 1932 367 monstriS,

167 374 393 446 Triste,
440 376 755 451 insuetum,
802 380 1041 453 ingens,
1091 376 1248 455 quod
1288 376 1536 435 nondum
1577 376 1786 436 viderit
1830 377 2053 452 aether,

162 458 293 519 Ede
338 458 537 535 trefae,
591 460 745 537 quod
787 461 963 521 mirer
1006 477 1120 538 ego
1165 461 1574 539 invideantque
1620 477 1877 520 sorores.

159 544 359 621 Atque
406 544 553 604 adeo
599 545 849 623 fratreS,
891 548 1222 624 nostrisque
1264 544 1412 605 haec
1456 547 1644 605 omina
1684 555 1850 605 sunto

160 628 350 689 Prima
397 628 579 704 odiis,
624 629 839 689 fratres
878 630 1099 691 alterna
1135 632 1192 689 in
1234 630 1476 690 vulnera
1517 630 1671 689 laeto
2092 639 2160 693 70

161 711 349 773 Marte
390 723 589 781 ruant;
632 715 739 790 sit,
780 715 875 793 qui
916 714 1241 776 rabidarum
1284 731 1446 774 more
1491 715 1745 774 ferarum

159 796 394 857 Mandat
439 806 610 857 atrox
652 797 864 859 hostile
910 809 1118 877 caput,
1167 800 1382 878 quique
1429 800 1563 875 igne
1609 817 1883 878 supremo

159 882 385 942 Arceat
421 884 715 943 exanimes
762 892 821 943 et
860 883 1123 944 manibus
1166 883 1404 945 aethera
1447 883 1613 943 nudis

164 964 595 1033 commaculet:
637 968 796 1028 iuvet
839 970 950 1029 ista
992 968 1179 1030 ferum
1220 978 1494 1046 spectare
1533 967 1871 1028 Tonantem.

157 1050 475 1111 Praeterea
519 1071 593 1112 ne
638 1052 765 1113 sola
808 1052 972 1113 furor
1010 1071 1138 1114 mea
1175 1070 1360 1129 regna
1400 1053 1676 1128 lacessat,
2095 1059 2160 1114 75

159 1135 398 1210 Quaere
444 1136 571 1196 deis
613 1138 710 1217 qui
750 1136 911 1198 bella
951 1138 1137 1214 ferat,
1183 1138 1280 1216 qui
1324 1137 1573 1198 fulminis
1618 1138 1785 1220 ignes

157 1220 556 1299 Infestumque
617 1224 814 1283 Iovem
859 1221 1053 1301 clipeo
1097 1223 1348 1282 fumante
1388 1222 1661 1301 repellat.

156 1303 321 1364 Faxo
367 1307 518 1366 haud
564 1309 637 1367 sit
675 1308 895 1367 cunctis
942 1307 1130 1367 levior
1170 1315 1393 1382 metuS,
1441 1316 1562 1366 atra
1609 1323 1850 1367 movere

161 1388 439 1466 Tartara,
485 1392 778 1453 frondenti
825 1409 993 1470 quam
1036 1393 1280 1469 iungere
1325 1391 1529 1451 Pelion
1573 1389 1805 1450 Ossae?

284 1474 560 1545 Dixerat;
604 1485 778 1554 atque
817 1476 901 1535 illi
936 1477 1260 1540 iamdudum
1304 1478 1470 1552 regia
1514 1476 1695 1535 tristis
2089 1486 2161 1539 80

154 1559 438 1620 Attremit
478 1562 698 1637 oranti,
742 1570 1062 1638 suaquexet
1103 1578 1253 1640 quae
1290 1560 1551 1638 desuper
1589 1569 1756 1635 urget

153 1645 410 1706 Nutabat
450 1646 660 1706 tellus:
701 1663 817 1704 non
860 1645 1066 1705 fortius
1117 1644 1355 1704 aethera
1395 1644 1555 1704 vultu

157 1728 424 1808 Torquet
466 1741 524 1790 et
566 1730 871 1790 astriferos
915 1729 1152 1790 inclinat
1190 1728 1455 1806 Iuppiter
1495 1745 1657 1786 axes.
1703 1724 1706 1727 ’

291 1814 408 1875 ‘At
444 1814 549 1874 tibi
590 1831 767 1892 quos,
812 1816 1021 1893 inquit,
1066 1813 1299 1888 ManeS,
1340 1813 1437 1889 qui
1483 1812 1662 1871 limite
1707 1830 1996 1891 praeceps

151 1900 291 1959 Non
333 1898 493 1960 licito
537 1918 646 1977 per
681 1902 847 1959 inane
889 1896 1086 1959 ruis?'
1154 1897 1464 1958 Subit-ille
1506 1898 1811 1956 minantem
2090 1909 2158 1961 85

154 1984 277 2045 Iam
316 1986 503 2043 tenuis
543 1985 706 2056 visu,
750 1986 861 2046 iam
905 1980 1356 2044 vanescentibus
1400 1982 1594 2057 armis,

150 2069 277 2130 Iam
321 2069 539 2147 pedes,
580 2071 836 2129 extincto
882 2078 1073 2130 tamen
1109 2069 1473 2145 interceptus
1511 2068 1568 2125 in
1613 2082 1739 2125 ore.

151 2153 403 2231 Augurii
441 2154 716 2232 perdurat
753 2154 975 2230 honos,
1022 2152 1390 2231 obscuraque
1434 2151 1611 2212 fronti

149 2238 313 2298 Vitta
360 2247 582 2314 manet,
627 2257 958 2318 ramumque
996 2247 1158 2299 tenet
1199 2237 1497 2298 morientis
1542 2235 1756 2295 olivae.

289 2324 389 2383 ‘Si
435 2322 573 2383 licet
619 2332 678 2384 et
722 2325 939 2384 sanctis
978 2323 1074 2384 hic
1112 2340 1215 2383 ora
1254 2322 1566 2394 resolvere
1607 2319 1695 2379 fas
1742 2327 1834 2377 est
1942 2359 1955 2368 -
2091 2327 2159 2383 90

148 2407 457 2484 ManibuS,
507 2426 541 2468 o
587 2409 809 2468 cunctis
854 2409 1045 2469 finitor
1079 2408 1327 2467 maxime
1374 2424 1586 2480 rerum,

150 2492 235 2552 At
280 2493 451 2568 mihi,
499 2493 596 2573 qui
634 2495 919 2572 quondam
964 2511 1171 2554 causas
1214 2491 1621 2567 elementaque
1661 2505 1881 2563 noram,

149 2577 232 2637 Et
276 2577 463 2637 sator!
506 2596 645 2655 oro,
686 2581 869 2639 minas
915 2578 1320 2654 stimulataque
1364 2574 1541 2634 corda
1586 2571 1865 2649 remulce,

147 2663 325 2722 Neve
363 2664 448 2722 ira
487 2663 726 2739 dignare
767 2664 1055 2732 hominem
1100 2670 1159 2723 et
1204 2670 1299 2720 tua
1344 2661 1466 2719 iura
1511 2659 1822 2717 timentem.

145 2747 302 2808 Nam
314 2766 425 2807 nec
441 2748 511 2808 ad
524 2746 849 2822 Herculeos
863 2782 951 2796 --
964 2748 1120 2808 unde
1130 2746 1279 2807 haec
1292 2744 1424 2805 mihi
1443 2738 1726 2822 pectora?
1749 2776 1829 2785 ——
1841 2753 2061 2822 raptuS,
2088 2753 2155 2807 95

146 2832 285 2893 Nec
325 2830 618 2893 Venerem
666 2832 971 2908 inlicitam,
1013 2831 1190 2894 crede
1232 2831 1323 2891 his
1362 2827 1716 2906 insignibus,
1757 2829 1879 2888 ausi

147 2918 441 2977 Intramus
482 2916 735 2985 Letbem
781 2917 965 2993 fugiat
1007 2936 1119 2977 nec
1163 2916 1344 2975 tristis
1388 2915 1444 2972 in
1491 2922 1712 2974 antrum

151 3001 494 3078 Cerberus,
533 3012 628 3063 aut
678 3011 910 3062 nostros
955 3003 1153 3062 timeat
1194 2999 1544 3077 Proserpina
1589 3015 1809 3057 currus.

148 3087 364 3163 Augur
408 3085 734 3165 Apollineis
779 3087 953 3147 modo
999 3086 1406 3145 dilectissimus
1454 3083 1591 3158 ariS,

149 3171 371 3231 Testor
392 3171 561 3231 inane
587 3173 790 3247 cham,
813 3207 897 3216 -
921 3171 1057 3250 quid
1082 3170 1232 3229 enim
1251 3168 1345 3228 hic
1369 3168 1635 3227 iurandus
1660 3164 1926 3245 Apollo?
1948 3200 2032 3212 ——-
2056 3177 2157 3229 100

149 3255 409 3317 Crimine
452 3274 572 3315 non·
611 3257 729 3317 ullo
774 3256 960 3318 subeo
1004 3271 1155 3315 nova
1196 3253 1348 3328 fata,
1394 3271 1504 3311 nec
1545 3252 1694 3313 alma

149 3342 257 3401 Sic
301 3342 486 3400 merui
526 3342 599 3401 de
640 3342 772 3402 luce
810 3342 972 3420 rapi;
1017 3341 1131 3399 ,scit
1169 3339 1374 3399 iudicis
1419 3355 1557 3397 urna

149 3425 419 3502 Dictaei,
460 3444 778 3506 verumque
819 3438 1018 3507 potest
1058 3428 1426 3505 deprendere
1467 3421 1673 3482 Mims'
1702 3501 1824 3563 11*
