2517 3909
45 0 581 11 ffl—„ffi-
596 1 603 2 ἶ
628 1 723 6 Ἲῄψ
738 1 895 4 ,,Ἣ,-,,
920 1 929 2 Π

800 176 1200 227 mammos
1254 179 1396 227 Lus.
1440 179 1539 227 nt.
2045 166 2163 225 195

174 335 292 396 Ter
330 343 535 413 quater
575 335 863 415 oppositi,
909 344 1178 414 quantum
1212 337 1298 395 ira
1336 337 1607 416 deusque
1641 334 1933 411 valebant,

171 420 385 500 Inpulit
426 435 771 498 assurgens;
815 421 1046 480 tandem
1081 421 1332 497 vestigia
1374 421 1559 497 flexit,
2062 428 2169 484 485

172 504 617 582 Excussamque
658 521 827 564 manu
861 505 1117 581 tegimen
1154 465 1559 583 conversaque
1595 505 1754 564 lente

171 589 368 666 Terga
409 588 619 658 refert;
663 590 875 649 instant
914 589 1134 666 undae,
1175 591 1552 668 sequiturque
1596 588 1886 650 labantem

170 674 374 734 Amnis
410 690 627 751 ovans,
677 691 790 734 nec
830 691 948 732 non
988 675 1147 734 saxis
1189 683 1249 734 et
1289 675 1571 751 grandine
1613 673 1755 733 ferri

169 757 445 836 Desuper
487 757 761 819 infestant
799 757 957 833 Tyrii
1000 759 1351 839 geminoque
1393 758 1688 838 repellunt

171 840 448 920 Aggere;
498 842 636 921 quid
669 842 845 903 faciat
885 841 1058 903 bellis
1102 843 1385 903 obsessus
1429 852 1488 903 et
1528 839 1736 903 undis?
2065 853 2170 907 490

170 926 299 988 Nec
340 927 480 1004 fuga
521 929 631 987 iam
668 928 921 1004 misero,
963 945 1077 987 nec
1116 945 1361 1006 magnae
1407 928 1576 1007 copia
1618 930 1837 987 mortiS.

302 1011 506 1071 Stabat
547 1013 879 1090 gramineae
920 1011 1202 1091 producta
1246 1012 1546 1091 crepidine
1590 1013 1754 1090 ripae

170 1096 462 1158 Undarum
506 1114 576 1157 ac
621 1104 815 1157 terrae
860 1096 1071 1172 dubio,
1115 1097 1222 1157 sed
1267 1099 1505 1157 amicior
1546 1097 1713 1156 undis

170 1181 455 1242 Fraxinus
500 1181 835 1261 ingentique
877 1181 1085 1242 vadum
1127 1182 1480 1262 possederat
1519 1181 1737 1242 umbra.

169 1265 350 1326 Huius
386 1282 561 1345 opem
597 1299 683 1313 -—-
722 1283 852 1326 nam
889 1283 1001 1345 qua
1044 1276 1234 1327 terras
1279 1263 1619 1326 invaderet?
1657 1299 1743 1314 -ω
1779 1285 1926 1328 unca
2070 1276 2175 1330 495

171 1351 434 1431 Arripuit
478 1350 719 1426 dextra,
763 1369 877 1411 nec
914 1351 1155 1430 pertulit
1196 1351 1299 1412 illa
1342 1352 1697 1418 trahentem

172 1435 293 1495 Sed
336 1435 556 1495 maiore
600 1452 807 1514 supra,
855 1453 1024 1514 qnam
1060 1435 1253 1496 stabat
1296 1436 1559 1515 pondere
1602 1438 1756 1495 victa

173 1519 462 1596 Solvitur,
511 1528 572 1579 et
613 1536 726 1599 qua
768 1530 971 1598 stagna
1014 1519 1166 1580 subit
1206 1520 1407 1581 radice
1451 1519 1774 1598 quibusque

170 1604 451 1664 Arentem
491 1604 796 1664 mordebat
839 1605 1098 1681 humum,
1137 1605 1389 1665 demissa
1433 1623 1686 1683 superne

169 1689 377 1749 Iniecit
418 1687 647 1768 trepido
684 1707 819 1750 sese
857 1691 1189 1768 ripamque,
1235 1707 1349 1748 nec
1387 1689 1539 1748 ultra
2068 1701 2173 1752 500

171 1773 478 1833 Passurum
521 1772 744 1833 subitae
788 1773 1026 1834 vallavit
1061 1782 1241 1851 ponte
1285 1774 1507 1833 ruinae.
1595 1786 1597 1789 ’

170 1857 299 1918 Huc
339 1859 528 1918 undae
572 1867 817 1935 coeunt,
864 1867 924 1918 et
964 1857 1340 1918 ineluctabile
1381 1874 1626 1918 coenum

166 1941 624 2022 vorticibusque
670 1944 829 2003 cavis
868 1943 1048 2019 sedit,
1095 1944 1427 2021 crescitque
1475 1940 1822 2001 barathrum.

170 2025 406 2105 Iamque
448 2026 754 2104 humeros,
790 2028 902 2088 iam
946 2027 1104 2088 colla
1148 2027 1312 2087 ducis
1347 2029 1581 2087 sinuosa
1622 2041 1847 2102 vorago

173 2110 421 2179 Circuit;
467 2111 567 2172 hic
602 2112 829 2172 demum
870 2113 1059 2172 victus
1103 2128 1374 2191 suprema
1417 2111 1587 2172 fateri
2068 2121 2170 2172 505

168 2194 505 2256 Exclamat:
550 2195 903 2273 ‘Fluvione,
948 2195 1157 2275 pudet!
1202 2195 1356 2257 Mars
1393 2196 1624 2271 inclite,
1665 2212 1900 2270 merges

167 2279 333 2342 Hanc
377 2277 666 2342 animam?
712 2299 1047 2361 segnesque
1090 2282 1253 2342 lacus
1300 2290 1358 2342 et
1398 2291 1603 2358 stagna
1648 2278 1857 2338 subibo

172 2363 298 2424 Ceu
338 2366 575 2443 pecoris
617 2375 850 2443 custos,
896 2366 1071 2426 subiti
1107 2368 1385 2426 torrentis
1428 2367 1638 2444 iniquis

166 2449 534 2529 Interceptus
575 2449 783 2530 aquis?
828 2451 1056 2512 adeone
1101 2449 1454 2511 occumbere
1498 2451 1657 2511 ferro

167 2533 303 2594 Non
343 2531 602 2594 merui‘l’
676 2534 932 2598 Tandem
976 2535 1250 2615 precibus
1296 2544 1578 2595 commota
1622 2535 1937 2595 Tonantem
2065 2547 2170 2601 510

165 2618 312 2678 Iuno
358 2618 541 2680 subit.
588 2619 889 2694 ‘Quonam
929 2621 1213 2697 miseros,
1267 2628 1427 2678 sator
1468 2619 1663 2680 inclite
1705 2620 1913 2698 divum,

164 2702 504 2779 Inachidas,
548 2722 793 2783 quonam
832 2722 1020 2784 usque
1065 2700 1346 2783 premes?
1389 2706 1502 2764 iam
1544 2703 1735 2764 Pallas
1779 2715 1837 2764 et
1882 2707 2004 2766 odit

166 2786 406 2864 Tydea,
453 2789 565 2848 iam
606 2798 774 2870 rapto
818 2798 1124 2849 tacuerunt
1166 2806 1393 2866 augure
1430 2787 1665 2868 Delphi.

166 2871 259 2933 En
302 2889 465 2931 meus
499 2871 937 2953 Hippomedon,
981 2876 1073 2934 cui
1112 2875 1305 2952 gentis
1347 2876 1519 2973 origo
1554 2872 1837 2949 Mycenae

163 2956 549 3035 Argolicique
595 2959 788 3037 lares,
825 2976 1154 3038 numenque
1192 2967 1326 3019 ante
1370 2959 1557 3018 omnia
1601 2958 1775 3036 Iuno,
1820 2992 1903 3005 -
2070 2970 2171 3022 515

166 3043 268 3101 Sic
315 3059 433 3118 ego
472 3041 584 3103 tida
624 3041 814 3105 meis?
859 3077 945 3091 -—-
985 3043 1183 3122 pelagi
1230 3042 1564 3104 crudelibus
1604 3043 1711 3103 ibit
2160 3066 2165 3073 ‘

163 3125 393 3187 Praeda
434 3124 622 3187 feris?
665 3138 827 3190 certe
863 3127 1116 3188 tumulos
1157 3145 1548 3207 supremaque
1584 3129 1755 3187 victis

164 3210 343 3272 Busta
380 3210 589 3281 dabas;
634 3213 734 3274 nbi
775 3211 1104 3291 Cecropiae
1147 3221 1286 3291 post
1320 3211 1552 3291 proelia
1588 3208 1890 3272 flammae?

162 3294 436 3356 Theseos
477 3297 627 3374 ignis
661 3297 759 3358 ubi
803 3294 966 3358 est?’
1048 3296 1181 3358 Non
1222 3299 1446 3377 spernit
1487 3298 1751 3373 coniugis
1791 3312 2011 3373 aequas

162 3378 273 3441 Ille
317 3397 571 3460 preces,
619 3382 945 3463 leviterque
986 3382 1193 3442 oculos
1236 3383 1308 3444 ad
1351 3382 1578 3442 moenia
1619 3379 1819 3441 Cadmi
2070 3392 2175 3445 520

164 3463 445 3542 Rettulit,
493 3474 553 3526 et
592 3468 722 3529 viso
761 3468 1038 3528 sederunt
1080 3467 1309 3529 flumina
1350 3476 1506 3541 nutu.
1745 3548 1830 3609 3*
