2517 3909
799 147 1198 200 THEBAmos
1242 150 1382 198 Lm.
1422 150 1516 200 1v.
2068 142 2143 205 81

162 298 426 360 Velleris
470 298 707 362 obscuri
749 303 1012 381 pecudes
1053 314 1426 385 armentaque
1473 306 1597 366 sisti
1817 325 1822 334 ·
2047 316 2149 374 4³5

156 385 311 446 Atra
351 392 581 462 monet,
627 403 1028 467 quaecumque
1066 408 1311 467 gregum
1346 390 1733 470 pulcherrima
1771 394 1971 456 cervix

157 467 435 539 Ducitnr;
478 470 756 547 ingemuit
787 469 964 534 Dirce
1007 484 1386 553 moestusque
1432 471 1761 552 Cithaeron,

159 551 240 613 Et
275 570 428 614 nova
473 553 768 616 clamosae
804 566 1081 636 stupuere
1122 559 1350 620 silentia
1394 559 1599 621 valles.

289 636 430 698 Tum
468 638 595 699 fera
639 640 930 704 caeruleis
972 644 1175 703 intexit
1218 661 1436 710 cornua
1475 646 1649 704 sertis

157 720 300 801 lpse
342 741 510 783 manu
550 732 837 800 tractans,
882 736 1173 806 notaeque
1214 730 1274 790 in
1311 728 1506 789 limine
1548 729 1731 789 silvae
2046 740 2149 794 450

158 806 451 886 Principio
496 807 695 886 largos
736 807 950 872 novies‘
989 812 1200 872 tellure
1246 821 1449 876 cavata

154 889 404 952 Inclinat
441 891 658 953 Bacchi
698 891 905 956 latices
950 904 1014 956 et
1049 913 1286 958 munera
1330 898 1493 956 verni

154 974 351 1037 Laetis
392 985 451 1037 et
492 976 751 1038 Actaeos
792 977 1008 1042 imbres
1041 981 1397 1060 suadumque
1435 997 1703 1042 cruorem

154 1057 449 1130 Manibus3
495 1063 825 1140 aggeritur,
870 1074 1138 1142 quantum
1173 1066 1319 1127 bibit
1355 1064 1514 1126 arida
1548 1064 1746 1126 tellus.

288 1143 511 1205 Trunca
534 1145 742 1207 dehinc
766 1165 1004 1209 nemora
1027 1149 1304 1227 advolvit,
1329 1158 1703 1227 moestusque
1726 1150 2006 1216 sacerdos
2041 1160 2146 1214 455

154 1227 308 1290 Tres
344 1228 601 1292 Hecatae
639 1232 996 1311 totidemque
1034 1236 1173 1294 satis
1207 1234 1544 1295 Acheronte
1587 1232 1815 1294 nefasto

153 1313 491 1392 Virginibus
535 1313 694 1375 iubet
738 1335 874 1378 esse
913 1317 1117 1388 focos;
1164 1319 1302 1396 tibi,
1348 1327 1546 1380 rector
1587 1317 1827 1396 Averni,

155 1395 514 1478 Quamquam
554 1398 808 1462 infossus
850 1401 1054 1479 humo,
1104 1413 1344 1483 superat
1386 1413 1577 1463 tamen
1612 1420 1798 1481 agger
1832 1405 1889 1464 in
1932 1422 2100 1466 auras

152 1483 397 1552 Pineus;
440 1483 593 1544 huno
634 1486 790 1548 iuxta
834 1486 1062 1547 cumulo
1102 1489 1289 1550 minor
1326 1507 1425 1549 ara
1469 1486 1792 1567 profundae

150 1566 413 1646 Erigitur
449 1565 682 1639 Cereri;
728 1570 968 1632 frondes
1012 1581 1186 1651 atque
1227 1591 1397 1633 omne
1434 1590 1747 1651 cupressus
2039 1580 2146 1636 460

151 1650 368 1713 Intexit
405 1653 633 1732 plorata
669 1654 838 1714 latus.
916 1655 1152 1735 Iamque
1193 1657 1374 1717 ardua
1415 1656 1575 1717 ferro

151 1737 381 1814 Signati
424 1738 649 1817 capita,
692 1746 754 1799 et
793 1739 1020 1818 frugum
1054 1740 1325 1804 libamine
1367 1757 1514 1819 puro

150 1819 223 1882 In
267 1820 472 1884 vulnus
514 1823 787 1886 cecidere
831 1843 1081 1903 greges;
1124 1834 1259 1886 tunc
1301 1825 1509 1885 innuba
1551 1822 1744 1884 Manto

147 1902 479 1985 Exceptum
517 1909 736 1986 pateris
776 1909 1065 1988 praelibat
1103 1911 1478 1989 sanguinem,
1522 1917 1581 1971 et
1616 1925 1816 1972 omnes

148 1988 273 2050 Ter
314 1991 528 2054 circum
563 2001 693 2054 acta
735 2011 912 2072 pyras
956 1996 1141 2055 sancti
1180 1995 1254 2055 de
1299 2012 1460 2055 more
1504 1993 1761 2072 parentis
2034 2001 2136 2056 465

150 2075 498 2139 Semineces
540 2076 715 2137 fibras
757 2087 816 2138 et
852 2078 1040 2140 adhuc
1083 2080 1358 2158 spirantia
1396 2077 1587 2139 reddit

147 2159 436 2237 Viscera,
473 2179 588 2222 nec
627 2162 860 2242 rapidas
897 2172 1196 2224 cunctatur
1234 2162 1536 2224 frondibus
1577 2160 1717 2222 atris

149 2243 499 2306 subiectare
539 2246 724 2307 faces.
800 2246 997 2328 Atque
1040 2248 1168 2328 ipse
1213 2249 1477 2310 sonantia
1518 2244 1757 2307 flammis

146 2327 415 2407 virgulta
460 2338 522 2390 et
560 2332 759 2392 tristes
801 2335 1104 2412 crepuisse
1139 2341 1200 2393 ut
1242 2333 1425 2393 sensit
1463 2346 1711 2392 acervos

147 2412 443 2492 Tiresias,
487 2449 572 2462 —
616 2414 700 2477 illi
735 2434 864 2478 nam
900 2417 1178 2496 plurimus
1218 2417 1392 2478 ardor
1435 2414 1668 2479 anhelat
2034 2418 2139 2475 470

146 2499 304 2559 Ante
341 2517 557 2577 genas,
602 2500 903 2580 inpletque
942 2520 1122 2563 cavos
1165 2520 1350 2581 vapor
1392 2503 1599 2578 igneus
1637 2496 1815 2560 orbes
1854 2532 1937 2544 —-

144 2581 453 2646 Exclamat
496 2618 580 2629 —
620 2592 913 2648 tremuere
955 2587 1120 2663 rogi,
1164 2595 1224 2646 et
1262 2604 1381 2647 vox
1425 2584 1629 2664 inpulit
1669 2583 1863 2662 ignem
1906 2605 2016 2641 —-:

281 2665 632 2732 ‘Tartareae
674 2670 851 2732 sedes
886 2679 944 2730 et
978 2670 1340 2731 formidabile
1383 2687 1626 2747 regnum

145 2749 354 2812 Mortis
389 2752 757 2832 inexpletae,
803 2763 1013 2833 tuque,
1058 2771 1095 2816 o
1140 2756 1481 2816 saevissime
1526 2754 1781 2832 fratrum,

152 2832 265 2897 Cui
310 2837 536 2897 servire
580 2837 696 2900 dati
738 2837 939 2899 Manes
982 2848 1335 2919 aeternaque
1375 2848 1599 2900 sontum
2033 2846 2135 2901 475

148 2919 453 3001 Supplicia
497 2931 670 3001 atque
716 2923 814 2986 imi
857 2922 1159 2985 famulatur
1194 2925 1360 3001 regia
1401 2922 1615 2999 mundi,

147 3005 377 3067 Solvite
418 3006 668 3085 pulsanti
711 3007 846 3070 loca
886 3016 1040 3069 muta
1082 3018 1141 3069 et
1178 3010 1345 3070 inane
1388 3025 1635 3069 severae

146 3089 193 3150 P
264 3089 593 3172 sephones,
635 3092 962 3171 vulgusque
1008 3112 1150 3154 cava
1194 3092 1301 3153 sub
1344 3099 1519 3154 nocte‘
1554 3099 1852 3171 repostum

145 3107 396 3253 Efficite,
446 3185 506 3236 et
547 3178 721 3256 plena
762 3178 968 3241 redeat
1012 3179 1195 3256 Styga
1236 3180 1484 3257 portitor
1527 3176 1682 3238 alno.

143 3256 323 3322 Ferte
365 3260 535 3328 simul
576 3279 852 3340 gressus,
892 3281 1005 3323 nec
1046 3262 1295 3342 simplex
1336 3260 1600 3323 Manibus
1645 3268 1774 3326 esto
2029 3267 2134 3322 480

144 3340 212 3403 In
250 3342 446 3406 lucem
478 3364 743 3409 remeare
778 3348 1010 3416 modus;
1056 3357 1118 3410 tu
1152 3366 1364 3427 separe
1411 3356 1583 3408 coetu

142 3424 415 3507 Elysios,
462 3430 710 3512 Persea,
753 3434 917 3514 pios,
959 3433 1239 3514 virgaque
1274 3433 1497 3515 potenti

229 3532 502 3579 stt-Anus
547 3534 617 3577 11.
1770 3511 1809 3573 6
