2517 3909
883 204 1372 262 ACHILLEIDOS
1416 205 1480 260 L.
1517 204 1586 260 II.
2159 200 2251 265 45

211 350 523 416 Venisses
572 350 683 397 —'
729 347 941 436 Dixit,
988 373 1180 436 quem
1225 351 1468 415 talibus
1515 352 1787 433 occupat
1829 349 2023 415 heros

210 437 557 505 Aeacides:
605 440 930 526 ‘Longum
974 441 1216 505 resides
1267 461 1587 525 exponere
1633 461 1860 504 causas
1950 515 1954 520 ,

97 537 188 578 330
212 527 717 614 Maternumque
762 530 971 614 nefas3
1018 529 1146 594 hoc
1193 529 1607 594 excusabitur
1652 550 1802 593 ense

213 616 453 702 Scyros
502 622 569 683 et
611 619 969 703 indecores,
1014 618 1303 684 fatorum
1352 618 1649 702 crimina,
1697 618 1924 682 cultus.
2176 632 2244 682 45

210 705 312 771 Tu
356 707 605 792 potius,
652 707 804 772 dum
851 708 993 772 lene
1038 708 1281 772 fretum
1327 706 1738 791 zephyroque
1783 706 2088 771 fruuntur

216 795 535 880 Carbasa,
582 819 749 881 quae
794 797 1042 862 Danais
1087 798 1260 861 tanti
1307 796 1661 881 primordia
1706 795 1890 879 belli,

211 883 383 949 Ede:
429 885 594 951 libet
640 886 847 951 iustas
892 886 1048 951 hinc
1095 907 1349 951 sumere
1393 886 1691 970 protinus
1736 883 1910 949 iras?

101 984 187 1025 3³⁵
213 973 344 1039 Hic
388 974 656 1040 Ithacus
703 976 970 1059 paulum
1016 976 1301 1060 repetito
1346 974 1607 1059 longius
1657 994 1838 1041 orsu:

215 1062 476 1128 ‘Fertur
520 1064 589 1127 in
634 1064 957 1130 Hectorea
1006 1062 1091 1150 (si
1136 1065 1302 1129 talia
1348 1061 1697 1150 credimus)
1743 1062 1863 1127 Ida
2180 1079 2248 1128 50

212 1152 481 1217 Electus
527 1152 778 1219 formae
825 1154 1181 1219 certamina
1227 1154 1477 1218 solvere
1520 1156 1749 1237 pastor

214 1238 548 1306 Sollicitas
591 1243 879 1309 tenuisse
927 1244 1078 1308 deas
1089 1294 1105 1326 ,
1151 1264 1270 1307 nec
1315 1246 1509 1307 torva
1553 1241 1883 1307 Minervae

212 1329 377 1415 Ora,
421 1352 541 1396 nec
587 1331 862 1398 aetherii
910 1332 1152 1397 sociam
1198 1330 1473 1396 rectoris
1520 1331 1729 1396 amico

100 1430 185 1471 340
211 1419 517 1504 Lumine,
563 1421 676 1485 sed
723 1421 932 1486 solam
978 1422 1251 1486 nimium
1296 1420 1538 1485 vidisse
1583 1419 1858 1485 Dionen.

210 1511 432 1594 Atque
478 1510 638 1575 adeo
685 1510 768 1574 lis
813 1509 929 1574 illa
973 1510 1108 1574 tuis
1156 1513 1383 1574 exorta
1429 1510 1549 1575 sub
1597 1509 1806 1574 antris
2179 1522 2247 1571 55

218 1596 510 1664 Concilio
559 1621 889 1683 superum,
937 1598 1091 1664 dum
1137 1599 1333 1663 Pelea
1378 1597 1561 1663 dulce
1607 1598 1877 1662 maritat

209 1686 457 1773 Pelion,
504 1690 571 1752 et
616 1688 859 1752 nostris
906 1688 1037 1753 iam
1086 1691 1245 1752 tunc
1289 1687 1691 1775 promitteris
1741 1688 1960 1752 armis.

210 1775 324 1840 Ira
369 1776 583 1862 quatit
626 1777 860 1861 victas3
907 1777 1075 1861 petit
1122 1777 1414 1841 exitialia
1457 1776 1650 1840 iudex

105 1877 191 1918 34⁵
217 1865 545 1931 Praemia:
592 1866 843 1949 raptori
889 1867 1113 1931 faciles
1159 1869 1609 1931 monstrantur
1650 1863 1982 1949 Amyclae.

212 1954 335 2019 Ille
381 1955 678 2039 Phrygas
723 1955 931 2040 lucOS,
978 1956 1207 2020 matris
1254 1954 1620 2038 penetralia
1665 1953 1878 2018 caedit
2173 1970 2241 2018 60

213 2041 602 2128 Turrigerae
648 2044 1011 2128 vetitasque
1059 2046 1197 2109 solo
1244 2044 1671 2127 procumbere
1714 2043 1908 2128 pinus

212 2131 643 2217 Praecipitat,
688 2136 1023 2218 terrasque
1069 2134 1239 2198 freto
1287 2134 1539 2198 delatus
1585 2133 1881 2197 Achaeas

212 2219 517 2305 Hospitis
562 2222 834 2286 Atridae
881 2220 1110 2309 (pudet
1153 2222 1284 2287 heu
1330 2223 1722 2307 miseretque
1767 2220 2054 2305 potentis

98 2322 184 2363 ³⁵0
210 2309 572 2396 Europael)
621 2311 864 2395 spoliat
905 2311 1256 2394 thalamos,
1302 2310 1678 2396 Helenaque
1725 2310 2041 2394 superbus

212 2398 505 2485 Navigat
551 2404 617 2465 et
663 2403 890 2484 captos
939 2401 1021 2466 ad
1066 2400 1388 2485 Pergama
1434 2400 1691 2465 devehit
1736 2400 1993 2483 Argoa
2178 2411 2246 2461 65

214 2488 378 2553 Inde
425 2488 579 2554 dato
624 2490 867 2574 passim
913 2490 1131 2555 varias
1176 2511 1437 2554 rumore
1482 2511 1598 2574 per
1641 2489 1863 2564 urbes,

212 2576 517 2664 Undique
562 2578 829 2644 inexciti
876 2579 1004 2644 sibi
1051 2579 1324 2663 quisque
1371 2581 1438 2643 et
1483 2579 1718 2663 sponte
1766 2576 2014 2641 coimus

356 2772 410 2809 v.
451 2760 518 2809 56
550 2772 631 2823 sq.
668 2753 952 2824 Eutych.
994 2755 1097 2809 art.
1135 2754 1189 2807 II
1227 2759 1294 2808 15
1333 2772 1387 2823 p.
1418 2758 1540 2821 483,
1577 2757 1646 2807 28
1684 2751 1781 2807 K:
1822 2750 2062 2806 ‘Statius
2101 2749 2248 2805 libro

218 2826 275 2880 Π
308 2825 682 2881 Achilleidos:
722 2825 852 2879 dum
891 2824 1062 2879 Pelea
1100 2824 1261 2880 dulce
1299 2825 1533 2879 maritat
1576 2823 1813 2879 Pelion.'

358 2973 427 3023 42
458 2968 718 3023 Venisses
737 2966 882 3022 dixit
907 2972 947 3019 P
993 2967 1254 3022 Venisses
1283 2967 1429 3023 ultro
1458 2968 1618 3023 ceteri
1661 2965 1924 3021 Venisses
1951 2964 2043 3006 —’
2075 2963 2249 3029 Dixit,

212 3040 417 3110 scripsi
463 3040 593 3109 Ipse
629 3037 827 3094 venis'.
882 3038 1038 3093 Dixit
1072 3038 1446 3093 Baehrensius
1488 3040 1510 3107 ΙΙ
1554 3044 1623 3092 43
1659 3037 1894 3107 longum
1929 3041 1969 3088 P
2016 3035 2250 3104 longum

216 3114 305 3167 est
339 3112 503 3166 ceteri
545 3112 566 3180 n
605 3116 675 3165 44
710 3125 899 3165 versus
951 3111 1016 3165 in
1053 3114 1147 3162 ΕΗ
1205 3115 1339 3179 post
1373 3126 1420 3164 v.
1449 3113 1522 3166 45
1557 3110 1838 3164 invenitur
1887 3110 1896 3175 Ι
1947 3109 2137 3183 entese
2174 3110 2214 3157 P
2234 3105 2250 3177 Η

215 3206 284 3255 46
323 3200 682 3271 zephyroque
719 3205 760 3251 Ρ
813 3199 1178 3269 zephyrisque
1215 3200 1379 3254 ceteri
1420 3200 1431 3266 Ι
1481 3197 1741 3254 fruuntur
1768 3203 1815 3252 Δ
1851 3195 2010 3251 Leid.
2046 3211 2146 3252 sec.
2178 3211 2248 3259 m.

214 3276 372 3325 ΕΗΒ
416 3271 674 3327 feruntur
718 3269 877 3326 Laid.
906 3287 1001 3340 pr.
1041 3288 1111 3325 m.
1158 3272 1280 3325 edd.
1307 3271 1328 3340 ΙΙ
1354 3286 1539 3325 versus
1573 3273 1795 3325 49-69
1839 3268 2036 3323 desum
2070 3268 2136 3322 in
2169 3264 2252 3338 ΒΗ

215 3349 285 3398 49
326 3342 604 3418 repetitos
642 3347 683 3395 Ρ
715 3342 725 3414 Ι
766 3344 894 3397 ortu
929 3347 970 3393 P
1000 3344 1009 3409 Ι
1042 3347 1111 3397 50
1147 3342 1250 3396 Ida
1285 3346 1325 3393 P
1360 3342 1432 3410 cf.
1463 3340 1597 3397 Silv.
1629 3342 1674 3394 I
1695 3344 1755 3406 2,
1781 3342 1854 3394 43
1889 3340 1978 3405 (ut
2004 3339 2251 3394 emenda-

210 3437 368 3489 verat
405 3431 773 3499 Schraderus)
810 3447 907 3485 ora
942 3432 1104 3487 ceteri
1127 3433 1148 3501 ΙΙ
1176 3436 1242 3486 53
1277 3447 1464 3487 versus
1497 3431 1557 3485 in
1595 3428 1665 3482 (3²
1701 3432 1956 3483 contextu
1991 3444 2115 3495 om„
2149 3442 2250 3482 sec.

210 3521 280 3561 m.
319 3520 496 3575 mary.
536 3501 855 3572 ademptus
888 3508 967 3557 est
991 3504 1012 3573 u
1037 3508 1106 3558 58
1143 3503 1236 3557 Ira
1272 3503 1469 3576 coquit
1501 3501 1584 3556 vel
1600 3501 1693 3555 Ira
1731 3499 1886 3554 acuit
1911 3498 2180 3555 Heinsius
