2517 3909
654 594 746 678 P.
804 594 1225 720 PAPmn
1287 593 1647 680 STATII

312 756 2096 865 THEBAIDOS·

774 950 1534 1027 LIBERIV.

298 1256 569 1371 Tertius
603 1308 933 1369 horrentem
972 1307 1260 1388 Zephyris
1306 1308 1606 1369 laxaverat
1650 1325 1856 1368 annum

147 1395 461 1469 Phoebus,
508 1404 567 1455 et
611 1402 916 1472 angustum
957 1394 1215 1471 cogebat
1258 1393 1436 1454 limite
1480 1410 1664 1453 verno

146 1481 408 1558 Longius
450 1479 536 1539 ire
584 1478 765 1556 diem,
810 1497 982 1558 quum
1013 1478 1200 1540 fracta
1242 1477 1588 1557 inpulsaque
1633 1478 1768 1539 fatis

148 1563 417 1626 Consilia
455 1574 515 1625 et
553 1563 783 1624 tandem
817 1564 1047 1623 miseris
1087 1562 1221 1623 data
1260 1564 1432 1641 copia
1467 1562 1632 1623 belli.

148 1650 344 1712 Prima
386 1667 554 1710 manu
590 1648 822 1708 rutilam
867 1647 941 1707 de
982 1648 1210 1708 vertice
1252 1647 1561 1708 Larissaeo
2121 1656 2155 1707 5

149 1733 423 1795 Ostendit
465 1732 710 1794 Bellona
752 1732 978 1809 facem,
1025 1731 1347 1810 dextraque
1386 1730 1671 1791 trabalem
2098 1739 2103 1746 ·

148 1818 391 1880 Hastam
433 1818 662 1877 intorsit
706 1834 923 1895 agens,
967 1815 1187 1897 liquido
1229 1833 1379 1895 quae
1423 1813 1664 1875 stridula
1706 1814 1881 1876 coelo

149 1902 327 1982 Fugit
371 1911 430 1962 et
464 1902 695 1962 Aoniae
736 1901 902 1963 celso
945 1902 1108 1962 stetit
1146 1919 1371 1979 aggere
1413 1900 1644 1961 Dirces.

284 1986 423 2048 Mox
468 1996 527 2047 et
572 1994 763 2047 castra
805 1985 993 2064 subit,
1032 1985 1315 2065 ferroque
1359 2001 1618 2064 auroque
1664 1984 1930 2045 coruscis

148 2072 334 2134 Mixta
381 2073 521 2131 viris
564 2070 808 2132 turmale
849 2069 1075 2139 fremit3
1120 2070 1217 2132 dat
1259 2070 1526 2130 euntibus
1570 2086 1767 2144 enses,
2088 2082 2157 2135 10

147 2156 382 2220 Plaudit
424 2172 646 2237 equos,
688 2164 866 2216 vocat
906 2155 978 2216 ad
1016 2166 1246 2234 portas;
1293 2154 1612 2216 hortamina
1650 2153 1847 2216 fortes

145 2241 565 2318 Praeveniunt,
610 2240 935 2320 timidisque
977 2241 1149 2300 etiam
1190 2240 1387 2300 brevis
1430 2239 1624 2301 addita
1658 2239 1861 2300 virtus.

282 2326 452 2386 Dicta
489 2326 614 2386 dies
655 2325 876 2387 aderat.
936 2323 1103 2386 Cadit
1143 2325 1351 2403 ingens
1394 2327 1505 2385 rite
1554 2322 1800 2385 Tonanti

151 2411 525 2492 Gradivoque
569 2428 784 2490 pecus,
828 2409 1119 2489 nullisque
1155 2410 1446 2471 secundus
1479 2409 1539 2468 in
1580 2410 1731 2470 extis
2114 2455 2117 2460 .

148 2496 339 2559 Pallet
382 2504 442 2556 et
483 2497 717 2557 armatis
761 2494 988 2556 simulat
1021 2512 1265 2574 sperare
1305 2493 1606 2555 sacerdos.
2083 2504 2151 2557 15

147 2582 393 2660 Iamque
432 2596 570 2640 suos
613 2581 829 2640 circum
870 2580 1037 2659 pueri
1078 2589 1412 2658 nuptaeque
1454 2586 1773 2658 patresque

149 2665 488 2728 Funduntur
527 2666 720 2741 mixti,
765 2665 1119 2743 summisque
1163 2681 1198 2725 a
1240 2662 1508 2743 postibus
1555 2662 1805 2722 obstant.

150 2750 285 2812 Nec
327 2750 531 2811 modus
577 2758 667 2810 est
709 2748 992 2809 lacrimis:
1035 2758 1235 2808 rorant
1280 2748 1576 2828 clipeique
1613 2747 1904 2827 iubaeque

153 2836 349 2896 Triste
393 2834 772 2910 salutantum,
815 2843 876 2894 et
921 2834 1143 2893 cunctis
1184 2833 1481 2912 dependet
1512 2832 1586 2892 ab
1631 2833 1806 2893 armis

153 2919 512 2999 suspiranda
555 2919 787 2988 domus;
829 2917 1018 2995 galeis
1059 2918 1218 2979 iuvat
1262 2916 1467 2979 oscula
1513 2917 1732 2979 clausis
2080 2926 2153 2978 20

152 3005 426 3066 Inserere
469 3003 859 3084 amplexuque
902 3011 1098 3063 truces
1139 3002 1434 3064 deducere
1482 3018 1689 3063 conos.

151 3089 280 3166 Illi,
323 3090 451 3169 quis
487 3087 704 3149 ferrum
744 3088 954 3165 modo,
1003 3088 1132 3166 quis
1175 3104 1335 3149 mors
1375 3088 1503 3167 ipsa
1540 3086 1836 3167 placebat,

152 3173 308 3236 Dant
353 3175 603 3252 gemitus
645 3173 986 3252 fractaeque
1031 3172 1228 3233 labant
1270 3171 1611 3250 singultibus
1654 3173 1798 3231 irae.

242 3258 343 3319 Sic
383 3258 483 3319 ubi
524 3257 678 3318 forte
719 3258 862 3318 viris
909 3257 1146 3335 longum
1187 3274 1369 3337 super
1405 3273 1629 3336 aequor
1669 3256 1855 3329 ituris,

156 3341 345 3418 Quum
389 3344 503 3404 iam
545 3342 619 3403 ad
659 3342 796 3404 vela
829 3340 1071 3403 Noti-et
1109 3343 1300 3402 scisso
1339 3342 1494 3402 redit
1536 3357 1753 3402 ancora
1791 3337 1993 3416 fundo,
2079 3348 2148 3402 25

152 3426 373 3489 Haeret
417 3427 599 3489 amica
641 3445 872 3488 manus:
917 3435 1140 3488 certant
1174 3428 1475 3488 innectere
1521 3424 1679 3485 collo
