<?xml version="1.0" encoding="UTF-8"?>
<!DOCTYPE html PUBLIC "-//W3C//DTD XHTML 1.0 Transitional//EN"
    "http://www.w3.org/TR/xhtml1/DTD/xhtml1-transitional.dtd">
<html xmlns="http://www.w3.org/1999/xhtml" xml:lang="en" lang="en">
 <head>
  <title>
</title>
<meta http-equiv="Content-Type" content="text/html;charset=utf-8" />
  <meta name='ocr-system' content='tesseract 3.04.00' />
  <meta name='ocr-capabilities' content='ocr_page ocr_carea ocr_par ocr_line ocrx_word'/>
</head>
<body>
  <div class='ocr_page' id='page_1' title='image "./ppapiniusstatiu00placgoog_0474.png"; bbox 0 0 2517 3909; ppageno 0'>
   <div class='ocr_carea' id='block_1_1' title="bbox 343 121 1657 212">
    <p class='ocr_par' dir='ltr' id='par_1_1' title="bbox 343 121 1657 212">
     <span class='ocr_line' id='line_1_1' title="bbox 343 121 1657 212; baseline -0.001 -30"><span class='ocrx_word' id='word_1_1' title='bbox 343 121 461 183; x_wconf 88' lang='grc'><strong>176</strong></span> <span class='ocrx_word' id='word_1_2' title='bbox 633 207 638 212; x_wconf 88' lang='lat'>.</span> <span class='ocrx_word' id='word_1_3' title='bbox 1014 132 1078 180; x_wconf 85' lang='lat' dir='ltr'><strong>P.</strong></span> <span class='ocrx_word' id='word_1_4' title='bbox 1116 132 1387 181; x_wconf 68' lang='lat' dir='ltr'><strong>urum</strong></span> <span class='ocrx_word' id='word_1_5' title='bbox 1425 131 1657 181; x_wconf 68' lang='lat' dir='ltr'><strong>sum</strong></span> 
     </span>
    </p>
   </div>
   <div class='ocr_carea' id='block_1_2' title="bbox 321 289 2347 3500">
    <p class='ocr_par' dir='ltr' id='par_1_2' title="bbox 331 289 2347 1809">
     <span class='ocr_line' id='line_1_2' title="bbox 336 289 2347 370; baseline -0.001 -18"><span class='ocrx_word' id='word_1_6' title='bbox 336 292 473 370; x_wconf 91' lang='lat' dir='ltr'><strong>Ipse</strong></span> <span class='ocrx_word' id='word_1_7' title='bbox 514 307 750 370; x_wconf 88' lang='lat' dir='ltr'><strong>quoque</strong></span> <span class='ocrx_word' id='word_1_8' title='bbox 792 290 1101 368; x_wconf 83' lang='lat' dir='ltr'><strong>egregius,</strong></span> <span class='ocrx_word' id='word_1_9' title='bbox 1146 307 1258 349; x_wconf 88' lang='lat' dir='ltr'><strong>nec</strong></span> <span class='ocrx_word' id='word_1_10' title='bbox 1298 297 1543 368; x_wconf 84' lang='lat' dir='ltr'><strong>pectora</strong></span> <span class='ocrx_word' id='word_1_11' title='bbox 1583 289 1827 367; x_wconf 80' lang='lat' dir='ltr'><strong>virginis</strong></span> <span class='ocrx_word' id='word_1_12' title='bbox 1869 291 1955 351; x_wconf 85' lang='lat' dir='ltr'><strong>illi</strong></span> <span class='ocrx_word' id='word_1_13' title='bbox 2235 304 2347 359; x_wconf 83' lang='lat'><strong>560</strong></span> 
     </span>
     <span class='ocr_line' id='line_1_3' title="bbox 336 374 2051 454; baseline -0.001 -17"><span class='ocrx_word' id='word_1_14' title='bbox 336 376 618 451; x_wconf 88' lang='lat' dir='ltr'><strong>Diversa,</strong></span> <span class='ocrx_word' id='word_1_15' title='bbox 664 376 837 454; x_wconf 87' lang='lat' dir='ltr'><strong>inque</strong></span> <span class='ocrx_word' id='word_1_16' title='bbox 883 376 1106 452; x_wconf 79' lang='lat' dir='ltr'><strong>vicem,</strong></span> <span class='ocrx_word' id='word_1_17' title='bbox 1148 375 1370 434; x_wconf 87' lang='lat' dir='ltr'><strong>sineret</strong></span> <span class='ocrx_word' id='word_1_18' title='bbox 1412 374 1672 450; x_wconf 81' lang='lat' dir='ltr'><strong>fortuna,</strong></span> <span class='ocrx_word' id='word_1_19' title='bbox 1717 374 2051 453; x_wconf 82' lang='lat' dir='ltr'><strong>placebant.</strong></span> 
     </span>
     <span class='ocr_line' id='line_1_4' title="bbox 334 458 2110 537; baseline 0 -15"><span class='ocrx_word' id='word_1_20' title='bbox 334 459 503 522; x_wconf 92' lang='lat' dir='ltr'><strong>Bella</strong></span> <span class='ocrx_word' id='word_1_21' title='bbox 540 467 739 520; x_wconf 88' lang='lat' dir='ltr'><strong>vetant</strong></span> <span class='ocrx_word' id='word_1_22' title='bbox 777 458 1015 535; x_wconf 79' lang='lat' dir='ltr'><strong>taedas,</strong></span> <span class='ocrx_word' id='word_1_23' title='bbox 1058 460 1370 537; x_wconf 85' lang='lat' dir='ltr'><strong>iuvenique</strong></span> <span class='ocrx_word' id='word_1_24' title='bbox 1412 459 1545 519; x_wconf 84' lang='lat' dir='ltr'><strong>hinc</strong></span> <span class='ocrx_word' id='word_1_25' title='bbox 1582 460 1769 519; x_wconf 87' lang='lat' dir='ltr'><strong>maior</strong></span> <span class='ocrx_word' id='word_1_26' title='bbox 1805 461 1864 519; x_wconf 87' lang='lat' dir='ltr'><strong>in</strong></span> <span class='ocrx_word' id='word_1_27' title='bbox 1906 461 2110 522; x_wconf 86' lang='lat' dir='ltr'><strong>hostes</strong></span> 
     </span>
     <span class='ocr_line' id='line_1_5' title="bbox 336 543 1796 624; baseline 0 -19"><span class='ocrx_word' id='word_1_28' title='bbox 336 544 458 614; x_wconf 91' lang='lat' dir='ltr'><strong>Ira;</strong></span> <span class='ocrx_word' id='word_1_29' title='bbox 504 545 619 605; x_wconf 89' lang='lat' dir='ltr'><strong>ruit</strong></span> <span class='ocrx_word' id='word_1_30' title='bbox 655 544 851 624; x_wconf 88' lang='lat' dir='ltr'><strong>primis</strong></span> <span class='ocrx_word' id='word_1_31' title='bbox 886 545 1156 604; x_wconf 84' lang='lat' dir='ltr'><strong>inmixtus</strong></span> <span class='ocrx_word' id='word_1_32' title='bbox 1201 553 1262 604; x_wconf 91' lang='lat' dir='ltr'><strong>et</strong></span> <span class='ocrx_word' id='word_1_33' title='bbox 1306 544 1531 621; x_wconf 76' lang='lat' dir='ltr'><strong>agmina</strong></span> <span class='ocrx_word' id='word_1_34' title='bbox 1570 543 1796 605; x_wconf 84' lang='lat' dir='ltr'><strong>Lernae</strong></span> 
     </span>
     <span class='ocr_line' id='line_1_6' title="bbox 334 628 2160 708; baseline 0.001 -19"><span class='ocrx_word' id='word_1_35' title='bbox 334 629 502 690; x_wconf 86' lang='lat' dir='ltr'><strong>Nunc</strong></span> <span class='ocrx_word' id='word_1_36' title='bbox 550 629 735 708; x_wconf 90' lang='lat' dir='ltr'><strong>pedes</strong></span> <span class='ocrx_word' id='word_1_37' title='bbox 773 646 916 689; x_wconf 88' lang='lat' dir='ltr'><strong>ense</strong></span> <span class='ocrx_word' id='word_1_38' title='bbox 958 646 1143 706; x_wconf 82' lang='lat' dir='ltr'><strong>vago,</strong></span> <span class='ocrx_word' id='word_1_39' title='bbox 1189 630 1419 708; x_wconf 83' lang='lat' dir='ltr'>prensis</span> <span class='ocrx_word' id='word_1_40' title='bbox 1458 631 1621 689; x_wconf 87' lang='lat' dir='ltr'><strong>nunc&#39;</strong></span> <span class='ocrx_word' id='word_1_41' title='bbox 1654 629 1850 689; x_wconf 79' lang='lat' dir='ltr'><strong>celsus</strong></span> <span class='ocrx_word' id='word_1_42' title='bbox 1891 628 2160 707; x_wconf 77' lang='lat' dir='ltr'><strong>habenis,</strong></span> 
     </span>
     <span class='ocr_line' id='line_1_7' title="bbox 339 712 2339 793; baseline -0.001 -18"><span class='ocrx_word' id='word_1_43' title='bbox 339 712 465 775; x_wconf 84' lang='lat' dir='ltr'><strong>Ceu</strong></span> <span class='ocrx_word' id='word_1_44' title='bbox 509 722 840 793; x_wconf 71' lang='lat' dir='ltr'>spectetur,</span> <span class='ocrx_word' id='word_1_45' title='bbox 877 714 1018 791; x_wconf 82' lang='lat' dir='ltr'><strong>agit.</strong></span> <span class='ocrx_word' id='word_1_46' title='bbox 1098 713 1343 792; x_wconf 80' lang='lat' dir='ltr'><strong>Triplici</strong></span> <span class='ocrx_word' id='word_1_47' title='bbox 1385 712 1686 774; x_wconf 76' lang='lat' dir='ltr'><strong>velaverat</strong></span> <span class='ocrx_word' id='word_1_48' title='bbox 1730 722 1891 774; x_wconf 88' lang='lat' dir='ltr'><strong>ostro</strong></span> <span class='ocrx_word' id='word_1_49' title='bbox 2232 728 2339 783; x_wconf 78' lang='lat'><strong>565</strong></span> 
     </span>
     <span class='ocr_line' id='line_1_8' title="bbox 337 797 1836 877; baseline -0.003 -16"><span class='ocrx_word' id='word_1_50' title='bbox 337 801 661 877; x_wconf 86' lang='lat' dir='ltr'><strong>Surgentes</strong></span> <span class='ocrx_word' id='word_1_51' title='bbox 702 799 1004 859; x_wconf 87' lang='lat' dir='ltr'><strong>etiamnum</strong></span> <span class='ocrx_word' id='word_1_52' title='bbox 1043 797 1317 859; x_wconf 76' lang='lat' dir='ltr'><strong>humeros</strong></span> <span class='ocrx_word' id='word_1_53' title='bbox 1354 806 1413 857; x_wconf 81' lang='lat' dir='ltr'><strong>et</strong></span> <span class='ocrx_word' id='word_1_54' title='bbox 1454 798 1608 858; x_wconf 82' lang='lat' dir='ltr'><strong>levia</strong></span> <span class='ocrx_word' id='word_1_55' title='bbox 1648 807 1836 859; x_wconf 85' lang='lat' dir='ltr'><strong>mater</strong></span> 
     </span>
     <span class='ocr_line' id='line_1_9' title="bbox 336 882 1884 962; baseline -0.002 -18"><span class='ocrx_word' id='word_1_56' title='bbox 336 883 615 952; x_wconf 85' lang='lat' dir='ltr'><strong>Pectora;</strong></span> <span class='ocrx_word' id='word_1_57' title='bbox 660 892 796 944; x_wconf 90' lang='lat' dir='ltr'><strong>tunc</strong></span> <span class='ocrx_word' id='word_1_58' title='bbox 842 901 983 944; x_wconf 89' lang='lat' dir='ltr'><strong>auro</strong></span> <span class='ocrx_word' id='word_1_59' title='bbox 1024 882 1300 962; x_wconf 82' lang='lat' dir='ltr'><strong>phaleras</strong></span> <span class='ocrx_word' id='word_1_60' title='bbox 1340 899 1600 962; x_wconf 85' lang='lat' dir='ltr'><strong>auroque</strong></span> <span class='ocrx_word' id='word_1_61' title='bbox 1643 884 1884 960; x_wconf 82' lang='lat' dir='ltr'><strong>sagittas</strong></span> 
     </span>
     <span class='ocr_line' id='line_1_10' title="bbox 338 967 1910 1048; baseline -0.001 -19"><span class='ocrx_word' id='word_1_62' title='bbox 338 967 698 1048; x_wconf 77' lang='lat' dir='ltr'><strong>cingulaque</strong></span> <span class='ocrx_word' id='word_1_63' title='bbox 738 976 797 1028; x_wconf 87' lang='lat' dir='ltr'><strong>et</strong></span> <span class='ocrx_word' id='word_1_64' title='bbox 838 969 1125 1044; x_wconf 84' lang='lat' dir='ltr'><strong>manicas,</strong></span> <span class='ocrx_word' id='word_1_65' title='bbox 1161 985 1236 1027; x_wconf 89' lang='lat' dir='ltr'><strong>ne</strong></span> <span class='ocrx_word' id='word_1_66' title='bbox 1280 967 1529 1044; x_wconf 84' lang='lat' dir='ltr'><strong>coniuge</strong></span> <span class='ocrx_word' id='word_1_67' title='bbox 1570 967 1743 1027; x_wconf 89' lang='lat' dir='ltr'><strong>vilior</strong></span> <span class='ocrx_word' id='word_1_68' title='bbox 1778 969 1910 1044; x_wconf 80' lang='lat' dir='ltr'><strong>iret,</strong></span> 
     </span>
     <span class='ocr_line' id='line_1_11' title="bbox 333 1053 1876 1130; baseline -0.002 -16"><span class='ocrx_word' id='word_1_69' title='bbox 333 1053 639 1114; x_wconf 78' lang='lat' dir='ltr'><strong>Presserat</strong></span> <span class='ocrx_word' id='word_1_70' title='bbox 682 1061 742 1112; x_wconf 91' lang='lat' dir='ltr'><strong>et</strong></span> <span class='ocrx_word' id='word_1_71' title='bbox 781 1054 1207 1114; x_wconf 85' lang='lat' dir='ltr'><strong>mixtumcono</strong></span> <span class='ocrx_word' id='word_1_72' title='bbox 1255 1053 1620 1130; x_wconf 76' lang='lat' dir='ltr'><strong>crispaverat</strong></span> <span class='ocrx_word' id='word_1_73' title='bbox 1659 1069 1876 1112; x_wconf 85' lang='lat' dir='ltr'><strong>aurum.</strong></span> 
     </span>
     <span class='ocr_line' id='line_1_12' title="bbox 336 1136 2338 1215; baseline -0.002 -15"><span class='ocrx_word' id='word_1_74' title='bbox 336 1137 573 1200; x_wconf 78' lang='lat' dir='ltr'><strong>Talibus</strong></span> <span class='ocrx_word' id='word_1_75' title='bbox 615 1137 759 1199; x_wconf 84' lang='lat' dir='ltr'><strong>heu!</strong></span> <span class='ocrx_word' id='word_1_76' title='bbox 804 1138 991 1198; x_wconf 85' lang='lat' dir='ltr'><strong>fidens</strong></span> <span class='ocrx_word' id='word_1_77' title='bbox 1031 1146 1206 1197; x_wconf 84' lang='lat' dir='ltr'><strong>vocat</strong></span> <span class='ocrx_word' id='word_1_78' title='bbox 1244 1137 1398 1196; x_wconf 87' lang='lat' dir='ltr'><strong>ultre</strong></span> <span class='ocrx_word' id='word_1_79' title='bbox 1437 1139 1494 1196; x_wconf 89' lang='lat' dir='ltr'><strong>in</strong></span> <span class='ocrx_word' id='word_1_80' title='bbox 1539 1137 1765 1215; x_wconf 88' lang='lat' dir='ltr'><strong>proelia</strong></span> <span class='ocrx_word' id='word_1_81' title='bbox 1808 1136 2033 1197; x_wconf 86' lang='lat' dir='ltr'><strong>Graios.</strong></span> <span class='ocrx_word' id='word_1_82' title='bbox 2230 1148 2338 1204; x_wconf 85' lang='lat'><strong>570</strong></span> 
     </span>
     <span class='ocr_line' id='line_1_13' title="bbox 334 1221 1931 1302; baseline -0.002 -19"><span class='ocrx_word' id='word_1_83' title='bbox 334 1224 426 1284; x_wconf 89' lang='lat' dir='ltr'><strong>Ac</strong></span> <span class='ocrx_word' id='word_1_84' title='bbox 473 1224 711 1302; x_wconf 87' lang='lat' dir='ltr'><strong>primum</strong></span> <span class='ocrx_word' id='word_1_85' title='bbox 749 1224 807 1282; x_wconf 89' lang='lat' dir='ltr'><strong>in</strong></span> <span class='ocrx_word' id='word_1_86' title='bbox 842 1222 1051 1283; x_wconf 87' lang='lat' dir='ltr'><strong>faciles</strong></span> <span class='ocrx_word' id='word_1_87' title='bbox 1093 1230 1395 1299; x_wconf 80' lang='lat' dir='ltr'><strong>grassatus</strong></span> <span class='ocrx_word' id='word_1_88' title='bbox 1438 1221 1679 1301; x_wconf 82' lang='lat' dir='ltr'><strong>cuspide</strong></span> <span class='ocrx_word' id='word_1_89' title='bbox 1714 1230 1931 1281; x_wconf 87' lang='lat' dir='ltr'><strong>turmas</strong></span> 
     </span>
     <span class='ocr_line' id='line_1_14' title="bbox 333 1305 1891 1385; baseline -0.002 -17"><span class='ocrx_word' id='word_1_90' title='bbox 333 1308 512 1368; x_wconf 86' lang='lat' dir='ltr'><strong>Arma</strong></span> <span class='ocrx_word' id='word_1_91' title='bbox 548 1307 734 1367; x_wconf 86' lang='lat' dir='ltr'><strong>refert</strong></span> <span class='ocrx_word' id='word_1_92' title='bbox 775 1309 953 1367; x_wconf 88' lang='lat' dir='ltr'><strong>sociis</strong></span> <span class='ocrx_word' id='word_1_93' title='bbox 997 1316 1056 1366; x_wconf 91' lang='lat' dir='ltr'><strong>et</strong></span> <span class='ocrx_word' id='word_1_94' title='bbox 1096 1309 1155 1366; x_wconf 88' lang='lat' dir='ltr'><strong>in</strong></span> <span class='ocrx_word' id='word_1_95' title='bbox 1195 1308 1423 1383; x_wconf 84' lang='lat' dir='ltr'><strong>agmina</strong></span> <span class='ocrx_word' id='word_1_96' title='bbox 1461 1305 1608 1383; x_wconf 79' lang='lat' dir='ltr'><strong>fida,</strong></span> <span class='ocrx_word' id='word_1_97' title='bbox 1651 1315 1891 1385; x_wconf 77' lang='lat' dir='ltr'><strong>peracta</strong></span> 
     </span>
     <span class='ocr_line' id='line_1_15' title="bbox 338 1388 1966 1470; baseline 0 -19"><span class='ocrx_word' id='word_1_98' title='bbox 338 1389 574 1469; x_wconf 79' lang='lat' dir='ltr'><strong>Caede,</strong></span> <span class='ocrx_word' id='word_1_99' title='bbox 616 1391 786 1452; x_wconf 88' lang='lat' dir='ltr'><strong>redit.</strong></span> <span class='ocrx_word' id='word_1_100' title='bbox 875 1392 975 1452; x_wconf 87' lang='lat' dir='ltr'><strong>Sic</strong></span> <span class='ocrx_word' id='word_1_101' title='bbox 1012 1390 1281 1466; x_wconf 75' lang='lat' dir='ltr'><strong>Hyrcana</strong></span> <span class='ocrx_word' id='word_1_102' title='bbox 1333 1392 1430 1451; x_wconf 91' lang='lat' dir='ltr'><strong>leo</strong></span> <span class='ocrx_word' id='word_1_103' title='bbox 1478 1388 1727 1470; x_wconf 83' lang='lat' dir='ltr'><strong>Caspius</strong></span> <span class='ocrx_word' id='word_1_104' title='bbox 1770 1389 1966 1451; x_wconf 87' lang='lat' dir='ltr'><strong>umbra</strong></span> 
     </span>
     <span class='ocr_line' id='line_1_16' title="bbox 333 1474 1866 1554; baseline 0 -18"><span class='ocrx_word' id='word_1_105' title='bbox 333 1476 535 1537; x_wconf 86' lang='lat' dir='ltr'><strong>Nudus</strong></span> <span class='ocrx_word' id='word_1_106' title='bbox 578 1475 765 1536; x_wconf 87' lang='lat' dir='ltr'><strong>adhuc</strong></span> <span class='ocrx_word' id='word_1_107' title='bbox 805 1475 1084 1554; x_wconf 88' lang='lat' dir='ltr'><strong>nulloque</strong></span> <span class='ocrx_word' id='word_1_108' title='bbox 1128 1474 1300 1536; x_wconf 86' lang='lat' dir='ltr'><strong>iubae</strong></span> <span class='ocrx_word' id='word_1_109' title='bbox 1338 1475 1601 1537; x_wconf 80' lang='lat' dir='ltr'><strong>flaventis</strong></span> <span class='ocrx_word' id='word_1_110' title='bbox 1643 1475 1866 1536; x_wconf 88' lang='lat' dir='ltr'><strong>honore</strong></span> 
     </span>
     <span class='ocr_line' id='line_1_17' title="bbox 336 1560 2333 1640; baseline -0.001 -20"><span class='ocrx_word' id='word_1_111' title='bbox 336 1560 638 1621; x_wconf 88' lang='lat' dir='ltr'><strong>Terribilis</strong></span> <span class='ocrx_word' id='word_1_112' title='bbox 674 1561 984 1640; x_wconf 79' lang='lat' dir='ltr'><strong>magnique</strong></span> <span class='ocrx_word' id='word_1_113' title='bbox 1026 1561 1333 1620; x_wconf 83' lang='lat' dir='ltr'><strong>etiamnum</strong></span> <span class='ocrx_word' id='word_1_114' title='bbox 1373 1561 1666 1637; x_wconf 78' lang='lat' dir='ltr'><strong>sauguinis</strong></span> <span class='ocrx_word' id='word_1_115' title='bbox 1703 1561 1922 1635; x_wconf 86' lang='lat' dir='ltr'><strong>insons,</strong></span> <span class='ocrx_word' id='word_1_116' title='bbox 2232 1572 2333 1628; x_wconf 77' lang='lat'><strong>575</strong></span> 
     </span>
     <span class='ocr_line' id='line_1_18' title="bbox 331 1644 1897 1724; baseline -0.001 -17"><span class='ocrx_word' id='word_1_117' title='bbox 331 1644 495 1707; x_wconf 88' lang='lat' dir='ltr'><strong>Haud</strong></span> <span class='ocrx_word' id='word_1_118' title='bbox 538 1645 745 1724; x_wconf 88' lang='lat' dir='ltr'><strong>procul</strong></span> <span class='ocrx_word' id='word_1_119' title='bbox 783 1663 817 1705; x_wconf 91' lang='lat' dir='ltr'><strong>a</strong></span> <span class='ocrx_word' id='word_1_120' title='bbox 858 1644 1104 1705; x_wconf 85' lang='lat' dir='ltr'><strong>stabulis</strong></span> <span class='ocrx_word' id='word_1_121' title='bbox 1145 1653 1341 1723; x_wconf 83' lang='lat' dir='ltr'><strong>captat</strong></span> <span class='ocrx_word' id='word_1_122' title='bbox 1387 1645 1630 1706; x_wconf 88' lang='lat' dir='ltr'><strong>custode</strong></span> <span class='ocrx_word' id='word_1_123' title='bbox 1671 1653 1897 1705; x_wconf 88' lang='lat' dir='ltr'><strong>remoto</strong></span> 
     </span>
     <span class='ocr_line' id='line_1_19' title="bbox 334 1729 1992 1809; baseline -0.002 -18"><span class='ocrx_word' id='word_1_124' title='bbox 334 1729 533 1808; x_wconf 83' lang='lat' dir='ltr'><strong>Segne</strong></span> <span class='ocrx_word' id='word_1_125' title='bbox 578 1747 761 1809; x_wconf 86' lang='lat' dir='ltr'><strong>pecus</strong></span> <span class='ocrx_word' id='word_1_126' title='bbox 806 1738 1126 1809; x_wconf 86' lang='lat' dir='ltr'><strong>teneraque</strong></span> <span class='ocrx_word' id='word_1_127' title='bbox 1169 1730 1381 1790; x_wconf 85' lang='lat' dir='ltr'><strong>famem</strong></span> <span class='ocrx_word' id='word_1_128' title='bbox 1416 1731 1699 1789; x_wconf 79' lang='lat' dir='ltr'><strong>consumit</strong></span> <span class='ocrx_word' id='word_1_129' title='bbox 1736 1731 1793 1789; x_wconf 91' lang='lat' dir='ltr'><strong>in</strong></span> <span class='ocrx_word' id='word_1_130' title='bbox 1826 1746 1992 1806; x_wconf 84' lang='lat' dir='ltr'><strong>agna.</strong></span> 
     </span>
    </p>

    <p class='ocr_par' dir='ltr' id='par_1_3' title="bbox 330 1813 2333 3079">
     <span class='ocr_line' id='line_1_20' title="bbox 462 1813 1980 1894; baseline -0.001 -20"><span class='ocrx_word' id='word_1_131' title='bbox 462 1813 604 1875; x_wconf 82' lang='lat' dir='ltr'><strong>Mox</strong></span> <span class='ocrx_word' id='word_1_132' title='bbox 645 1816 903 1892; x_wconf 86' lang='lat' dir='ltr'><strong>ignotum</strong></span> <span class='ocrx_word' id='word_1_133' title='bbox 944 1815 1116 1874; x_wconf 88' lang='lat' dir='ltr'><strong>armis</strong></span> <span class='ocrx_word' id='word_1_134' title='bbox 1158 1833 1228 1875; x_wconf 87' lang='lat' dir='ltr'><strong>ac</strong></span> <span class='ocrx_word' id='word_1_135' title='bbox 1273 1814 1405 1875; x_wconf 90' lang='lat' dir='ltr'><strong>solo</strong></span> <span class='ocrx_word' id='word_1_136' title='bbox 1454 1830 1705 1894; x_wconf 83' lang='lat' dir='ltr'><strong>corpore</strong></span> <span class='ocrx_word' id='word_1_137' title='bbox 1745 1831 1980 1874; x_wconf 80' lang='lat' dir='ltr'><strong>mensas</strong></span> 
     </span>
     <span class='ocr_line' id='line_1_21' title="bbox 336 1899 1798 1978; baseline -0.001 -18"><span class='ocrx_word' id='word_1_138' title='bbox 336 1899 535 1976; x_wconf 72' lang='lat' dir='ltr'><strong>Tydea</strong></span> <span class='ocrx_word' id='word_1_139' title='bbox 578 1917 694 1959; x_wconf 91' lang='lat' dir='ltr'><strong>non</strong></span> <span class='ocrx_word' id='word_1_140' title='bbox 734 1901 945 1974; x_wconf 82' lang='lat' dir='ltr'><strong>timuit,</strong></span> <span class='ocrx_word' id='word_1_141' title='bbox 982 1899 1294 1978; x_wconf 85' lang='lat' dir='ltr'><strong>fragilique</strong></span> <span class='ocrx_word' id='word_1_142' title='bbox 1332 1899 1633 1961; x_wconf 75' lang='lat' dir='ltr'><strong>lacessere</strong></span> <span class='ocrx_word' id='word_1_143' title='bbox 1674 1899 1798 1959; x_wconf 87' lang='lat' dir='ltr'><strong>telo</strong></span> 
     </span>
     <span class='ocr_line' id='line_1_22' title="bbox 334 1983 2333 2064; baseline -0.002 -19"><span class='ocrx_word' id='word_1_144' title='bbox 334 1985 583 2064; x_wconf 82' lang='lat' dir='ltr'><strong>Saepius</strong></span> <span class='ocrx_word' id='word_1_145' title='bbox 625 1984 1047 2045; x_wconf 85' lang='lat' dir='ltr'><strong>infrendentem</strong></span> <span class='ocrx_word' id='word_1_146' title='bbox 1079 1983 1207 2044; x_wconf 82' lang='lat' dir='ltr'><strong>aliis</strong></span> <span class='ocrx_word' id='word_1_147' title='bbox 1240 1985 1506 2063; x_wconf 89' lang='lat' dir='ltr'><strong>aliosque</strong></span> <span class='ocrx_word' id='word_1_148' title='bbox 1550 1992 1892 2064; x_wconf 78' lang='lat' dir='ltr'><strong>sequentem</strong></span> <span class='ocrx_word' id='word_1_149' title='bbox 2226 1996 2333 2051; x_wconf 76' lang='lat'><strong>580</strong></span> 
     </span>
     <span class='ocr_line' id='line_1_23' title="bbox 332 2068 1971 2129; baseline 0 0"><span class='ocrx_word' id='word_1_150' title='bbox 332 2069 529 2129; x_wconf 88' lang='lat' dir='ltr'><strong>Ausus</strong></span> <span class='ocrx_word' id='word_1_151' title='bbox 571 2079 716 2129; x_wconf 87' lang='lat' dir='ltr'><strong>erat.</strong></span> <span class='ocrx_word' id='word_1_152' title='bbox 793 2068 1048 2129; x_wconf 86' lang='lat' dir='ltr'><strong>Tandem</strong></span> <span class='ocrx_word' id='word_1_153' title='bbox 1087 2069 1375 2129; x_wconf 82' lang='lat' dir='ltr'><strong>invalidos</strong></span> <span class='ocrx_word' id='word_1_154' title='bbox 1415 2068 1666 2129; x_wconf 78' lang='lat' dir='ltr'><strong>Aetolus</strong></span> <span class='ocrx_word' id='word_1_155' title='bbox 1708 2068 1780 2129; x_wconf 86' lang='lat' dir='ltr'><strong>ad</strong></span> <span class='ocrx_word' id='word_1_156' title='bbox 1824 2070 1971 2129; x_wconf 85' lang='lat' dir='ltr'><strong>ictus</strong></span> 
     </span>
     <span class='ocr_line' id='line_1_24' title="bbox 331 2152 1765 2215; baseline -0.001 -1"><span class='ocrx_word' id='word_1_157' title='bbox 331 2153 509 2214; x_wconf 87' lang='lat' dir='ltr'><strong>Forte</strong></span> <span class='ocrx_word' id='word_1_158' title='bbox 553 2153 739 2215; x_wconf 88' lang='lat' dir='ltr'><strong>refert</strong></span> <span class='ocrx_word' id='word_1_159' title='bbox 782 2153 991 2214; x_wconf 90' lang='lat' dir='ltr'><strong>oculos</strong></span> <span class='ocrx_word' id='word_1_160' title='bbox 1037 2163 1096 2214; x_wconf 90' lang='lat' dir='ltr'><strong>et</strong></span> <span class='ocrx_word' id='word_1_161' title='bbox 1137 2152 1505 2214; x_wconf 85' lang='lat' dir='ltr'><strong>formidabile</strong></span> <span class='ocrx_word' id='word_1_162' title='bbox 1538 2153 1765 2214; x_wconf 88' lang='lat' dir='ltr'><strong>ridens:</strong></span> 
     </span>
     <span class='ocr_line' id='line_1_25' title="bbox 331 2237 1977 2319; baseline 0.001 -21"><span class='ocrx_word' id='word_1_163' title='bbox 331 2237 698 2300; x_wconf 77' lang='lat' dir='ltr'><strong>‘Iamdudum</strong></span> <span class='ocrx_word' id='word_1_164' title='bbox 739 2238 914 2299; x_wconf 87' lang='lat' dir='ltr'><strong>video</strong></span> <span class='ocrx_word' id='word_1_165' title='bbox 935 2283 954 2315; x_wconf 87' lang='lat'>‚</span> <span class='ocrx_word' id='word_1_166' title='bbox 996 2256 1264 2315; x_wconf 83' lang='lat' dir='ltr'><strong>magnum</strong></span> <span class='ocrx_word' id='word_1_167' title='bbox 1307 2240 1507 2319; x_wconf 80' lang='lat' dir='ltr'><strong>cupis,</strong></span> <span class='ocrx_word' id='word_1_168' title='bbox 1551 2237 1836 2318; x_wconf 75' lang='lat' dir='ltr'><strong>inprobe,</strong></span> <span class='ocrx_word' id='word_1_169' title='bbox 1874 2239 1977 2299; x_wconf 82' lang='lat' dir='ltr'><strong>leti</strong></span> 
     </span>
     <span class='ocr_line' id='line_1_26' title="bbox 333 2322 2030 2399; baseline 0.001 -16"><span class='ocrx_word' id='word_1_170' title='bbox 333 2322 601 2399; x_wconf 81' lang='lat' dir='ltr'><strong>Nomeu&#39;‚</strong></span> <span class='ocrx_word' id='word_1_171' title='bbox 647 2324 744 2384; x_wconf 87' lang='lat' dir='ltr'><strong>ait.</strong></span> <span class='ocrx_word' id='word_1_172' title='bbox 828 2322 1007 2384; x_wconf 90' lang='lat' dir='ltr'><strong>Simul</strong></span> <span class='ocrx_word' id='word_1_173' title='bbox 1050 2323 1330 2384; x_wconf 79' lang='lat' dir='ltr'><strong>audacem</strong></span> <span class='ocrx_word' id='word_1_174' title='bbox 1373 2341 1490 2384; x_wconf 88' lang='lat' dir='ltr'><strong>non</strong></span> <span class='ocrx_word' id='word_1_175' title='bbox 1531 2341 1673 2384; x_wconf 81' lang='lat' dir='ltr'><strong>ense</strong></span> <span class='ocrx_word' id='word_1_176' title='bbox 1713 2341 1825 2384; x_wconf 88' lang='lat' dir='ltr'><strong>nec</strong></span> <span class='ocrx_word' id='word_1_177' title='bbox 1865 2323 2030 2385; x_wconf 78' lang='lat' dir='ltr'><strong>hasta</strong></span> 
     </span>
     <span class='ocr_line' id='line_1_27' title="bbox 332 2407 2327 2486; baseline 0 -18"><span class='ocrx_word' id='word_1_178' title='bbox 332 2407 617 2486; x_wconf 80' lang='lat' dir='ltr'><strong>Dignatus</strong></span> <span class='ocrx_word' id='word_1_179' title='bbox 660 2408 872 2469; x_wconf 88' lang='lat' dir='ltr'><strong>leviter</strong></span> <span class='ocrx_word' id='word_1_180' title='bbox 912 2408 1105 2486; x_wconf 87' lang='lat' dir='ltr'><strong>digitis</strong></span> <span class='ocrx_word' id='word_1_181' title='bbox 1141 2407 1362 2470; x_wconf 87' lang='lat' dir='ltr'><strong>inbelle</strong></span> <span class='ocrx_word' id='word_1_182' title='bbox 1404 2408 1611 2469; x_wconf 85' lang='lat' dir='ltr'><strong>solutis</strong></span> <span class='ocrx_word' id='word_1_183' title='bbox 2222 2420 2327 2477; x_wconf 76' lang='lat'><strong>585</strong></span> 
     </span>
     <span class='ocr_line' id='line_1_28' title="bbox 331 2491 2084 2573; baseline 0.001 -22"><span class='ocrx_word' id='word_1_184' title='bbox 331 2491 567 2552; x_wconf 87' lang='lat' dir='ltr'><strong>Abiecit</strong></span> <span class='ocrx_word' id='word_1_185' title='bbox 608 2493 886 2573; x_wconf 87' lang='lat' dir='ltr'><strong>iaculum,</strong></span> <span class='ocrx_word' id='word_1_186' title='bbox 931 2491 1190 2554; x_wconf 86' lang='lat' dir='ltr'><strong>latebras</strong></span> <span class='ocrx_word' id='word_1_187' title='bbox 1231 2501 1424 2553; x_wconf 83' lang='lat' dir='ltr'><strong>tamen</strong></span> <span class='ocrx_word' id='word_1_188' title='bbox 1460 2492 1710 2571; x_wconf 86' lang='lat' dir='ltr'><strong>inguinis</strong></span> <span class='ocrx_word' id='word_1_189' title='bbox 1745 2491 1864 2553; x_wconf 87' lang='lat' dir='ltr'><strong>alte</strong></span> <span class='ocrx_word' id='word_1_190' title='bbox 2064 2509 2084 2521; x_wconf 93' lang='lat'><strong>·</strong></span> 
     </span>
     <span class='ocr_line' id='line_1_29' title="bbox 330 2576 1774 2655; baseline 0 -18"><span class='ocrx_word' id='word_1_191' title='bbox 330 2576 588 2652; x_wconf 72' lang='lat' dir='ltr'><strong>missile,</strong></span> <span class='ocrx_word' id='word_1_192' title='bbox 635 2596 745 2638; x_wconf 88' lang='lat' dir='ltr'><strong>ceu</strong></span> <span class='ocrx_word' id='word_1_193' title='bbox 787 2579 924 2639; x_wconf 86' lang='lat' dir='ltr'><strong>totis</strong></span> <span class='ocrx_word' id='word_1_194' title='bbox 959 2579 1231 2638; x_wconf 81' lang='lat' dir='ltr'><strong>intortum</strong></span> <span class='ocrx_word' id='word_1_195' title='bbox 1274 2577 1528 2655; x_wconf 80' lang='lat' dir='ltr'><strong>viribus,</strong></span> <span class='ocrx_word' id='word_1_196' title='bbox 1565 2577 1774 2638; x_wconf 77' lang='lat' dir='ltr'><strong>hausit.</strong></span> 
     </span>
     <span class='ocr_line' id='line_1_30' title="bbox 330 2661 1919 2742; baseline -0.001 -19"><span class='ocrx_word' id='word_1_197' title='bbox 330 2661 615 2723; x_wconf 84' lang='lat' dir='ltr'><strong>Praeterit</strong></span> <span class='ocrx_word' id='word_1_198' title='bbox 649 2662 799 2723; x_wconf 86' lang='lat' dir='ltr'><strong>haud</strong></span> <span class='ocrx_word' id='word_1_199' title='bbox 843 2663 1071 2724; x_wconf 84' lang='lat' dir='ltr'><strong>dubium</strong></span> <span class='ocrx_word' id='word_1_200' title='bbox 1110 2662 1213 2723; x_wconf 87' lang='lat' dir='ltr'><strong>fati</strong></span> <span class='ocrx_word' id='word_1_201' title='bbox 1253 2671 1315 2722; x_wconf 87' lang='lat' dir='ltr'><strong>et</strong></span> <span class='ocrx_word' id='word_1_202' title='bbox 1355 2663 1612 2742; x_wconf 84' lang='lat' dir='ltr'><strong>spoliare</strong></span> <span class='ocrx_word' id='word_1_203' title='bbox 1654 2661 1919 2740; x_wconf 89' lang='lat' dir='ltr'><strong>superbit</strong></span> 
     </span>
     <span class='ocr_line' id='line_1_31' title="bbox 335 2744 2322 2826; baseline 0.002 -21"><span class='ocrx_word' id='word_1_204' title='bbox 335 2744 622 2807; x_wconf 88' lang='lat' dir='ltr'><strong>Oenides:</strong></span> <span class='ocrx_word' id='word_1_205' title='bbox 661 2745 899 2826; x_wconf 71' lang='lat' dir='ltr'><strong>‘Neque</strong></span> <span class='ocrx_word' id='word_1_206' title='bbox 945 2749 1096 2808; x_wconf 88' lang='lat' dir='ltr'><strong>enim</strong></span> <span class='ocrx_word' id='word_1_207' title='bbox 1136 2747 1241 2808; x_wconf 88' lang='lat' dir='ltr'><strong>has</strong></span> <span class='ocrx_word' id='word_1_208' title='bbox 1277 2745 1472 2825; x_wconf 77' lang='lat' dir='ltr'><strong>Marti,</strong></span> <span class='ocrx_word' id='word_1_209' title='bbox 1519 2755 1614 2808; x_wconf 84' lang='lat' dir='ltr'><strong>aut</strong></span> <span class='ocrx_word' id='word_1_210' title='bbox 1656 2747 1790 2823; x_wconf 84' lang='lat' dir='ltr'><strong>tibi,</strong></span> <span class='ocrx_word' id='word_1_211' title='bbox 1837 2746 2056 2808; x_wconf 87' lang='lat' dir='ltr'><strong>bellica</strong></span> <span class='ocrx_word' id='word_1_212' title='bbox 2110 2745 2322 2822; x_wconf 76' lang='lat' dir='ltr'><strong>Pallas,</strong></span> 
     </span>
     <span class='ocr_line' id='line_1_32' title="bbox 333 2829 2324 2912; baseline 0.003 -23"><span class='ocrx_word' id='word_1_213' title='bbox 333 2829 590 2891; x_wconf 83' lang='lat' dir='ltr'><strong>Exuvias</strong></span> <span class='ocrx_word' id='word_1_214' title='bbox 628 2832 906 2909; x_wconf 74' lang='lat' dir='ltr'><strong>ligemus,</strong></span> <span class='ocrx_word' id='word_1_215' title='bbox 949 2833 1051 2908; x_wconf 83' lang='lat' dir='ltr'><strong>ait,</strong></span> <span class='ocrx_word' id='word_1_216' title='bbox 1102 2831 1309 2911; x_wconf 88' lang='lat' dir='ltr'><strong>procul</strong></span> <span class='ocrx_word' id='word_1_217' title='bbox 1348 2841 1546 2893; x_wconf 85' lang='lat' dir='ltr'><strong>arceat</strong></span> <span class='ocrx_word' id='word_1_218' title='bbox 1581 2833 1770 2912; x_wconf 87' lang='lat' dir='ltr'><strong>ipsum</strong></span> <span class='ocrx_word' id='word_1_219' title='bbox 2222 2840 2324 2896; x_wconf 77' lang='lat'><strong>590</strong></span> 
     </span>
     <span class='ocr_line' id='line_1_33' title="bbox 332 2913 1857 2995; baseline 0 -20"><span class='ocrx_word' id='word_1_220' title='bbox 332 2913 514 2976; x_wconf 88' lang='lat' dir='ltr'><strong>Ferre</strong></span> <span class='ocrx_word' id='word_1_221' title='bbox 558 2917 776 2995; x_wconf 88' lang='lat' dir='ltr'><strong>pudor;</strong></span> <span class='ocrx_word' id='word_1_222' title='bbox 820 2918 921 2976; x_wconf 83' lang='lat' dir='ltr'><strong>vix</strong></span> <span class='ocrx_word' id='word_1_223' title='bbox 962 2916 1014 2975; x_wconf 89' lang='lat' dir='ltr'><strong>si</strong></span> <span class='ocrx_word' id='word_1_224' title='bbox 1063 2915 1281 2977; x_wconf 88' lang='lat' dir='ltr'><strong>bellum</strong></span> <span class='ocrx_word' id='word_1_225' title='bbox 1324 2918 1594 2977; x_wconf 68' lang='lat' dir='ltr'><strong>comitata</strong></span> <span class='ocrx_word' id='word_1_226' title='bbox 1634 2916 1857 2977; x_wconf 87' lang='lat' dir='ltr'><strong>relictis</strong></span> 
     </span>
     <span class='ocr_line' id='line_1_34' title="bbox 331 2999 1745 3079; baseline -0.001 -19"><span class='ocrx_word' id='word_1_227' title='bbox 331 2999 585 3079; x_wconf 77' lang='lat' dir='ltr'><strong>Deipyle</strong></span> <span class='ocrx_word' id='word_1_228' title='bbox 630 3000 929 3077; x_wconf 80' lang='lat' dir='ltr'><strong>thalamis,</strong></span> <span class='ocrx_word' id='word_1_229' title='bbox 978 2999 1063 3061; x_wconf 88' lang='lat' dir='ltr'><strong>illi</strong></span> <span class='ocrx_word' id='word_1_230' title='bbox 1100 3000 1392 3062; x_wconf 89' lang='lat' dir='ltr'><strong>illudenda</strong></span> <span class='ocrx_word' id='word_1_231' title='bbox 1432 3002 1745 3063; x_wconf 62' lang='lat' dir='ltr'><strong>tulissem!</strong></span> 
     </span>
    </p>

    <p class='ocr_par' dir='ltr' id='par_1_4' title="bbox 321 3084 2318 3500">
     <span class='ocr_line' id='line_1_35' title="bbox 459 3084 1906 3165; baseline 0 -20"><span class='ocrx_word' id='word_1_232' title='bbox 459 3085 558 3145; x_wconf 88' lang='lat' dir='ltr'><strong>Sic</strong></span> <span class='ocrx_word' id='word_1_233' title='bbox 602 3088 718 3160; x_wconf 84' lang='lat' dir='ltr'><strong>ait,</strong></span> <span class='ocrx_word' id='word_1_234' title='bbox 765 3093 826 3147; x_wconf 90' lang='lat' dir='ltr'><strong>et</strong></span> <span class='ocrx_word' id='word_1_235' title='bbox 865 3084 1011 3146; x_wconf 88' lang='lat' dir='ltr'><strong>belli</strong></span> <span class='ocrx_word' id='word_1_236' title='bbox 1054 3087 1273 3146; x_wconf 90' lang='lat' dir='ltr'><strong>maiora</strong></span> <span class='ocrx_word' id='word_1_237' title='bbox 1309 3087 1381 3146; x_wconf 85' lang='lat' dir='ltr'><strong>ad</strong></span> <span class='ocrx_word' id='word_1_238' title='bbox 1415 3087 1671 3165; x_wconf 87' lang='lat' dir='ltr'><strong>praemia</strong></span> <span class='ocrx_word' id='word_1_239' title='bbox 1712 3094 1906 3146; x_wconf 75' lang='lat' dir='ltr'><strong>mente</strong></span> 
     </span>
     <span class='ocr_line' id='line_1_36' title="bbox 330 3168 1837 3250; baseline 0.001 -22"><span class='ocrx_word' id='word_1_240' title='bbox 330 3168 595 3236; x_wconf 71' lang='lat' dir='ltr'><strong>Ducitur,</strong></span> <span class='ocrx_word' id='word_1_241' title='bbox 682 3168 1004 3231; x_wconf 91' lang='lat' dir='ltr'><strong>Innumeris</strong></span> <span class='ocrx_word' id='word_1_242' title='bbox 1043 3169 1225 3230; x_wconf 78' lang='lat' dir='ltr'><strong>veluti</strong></span> <span class='ocrx_word' id='word_1_243' title='bbox 1269 3170 1367 3230; x_wconf 92' lang='lat' dir='ltr'><strong>leo</strong></span> <span class='ocrx_word' id='word_1_244' title='bbox 1411 3171 1567 3232; x_wconf 83' lang='lat' dir='ltr'><strong>forte</strong></span> <span class='ocrx_word' id='word_1_245' title='bbox 1606 3172 1837 3250; x_wconf 66' lang='lat' dir='ltr'><strong>potitus*</strong></span> 
     </span>
     <span class='ocr_line' id='line_1_37' title="bbox 331 3251 2318 3334; baseline 0.003 -22"><span class='ocrx_word' id='word_1_246' title='bbox 331 3251 625 3314; x_wconf 87' lang='lat' dir='ltr'><strong>Caedibus</strong></span> <span class='ocrx_word' id='word_1_247' title='bbox 665 3254 918 3315; x_wconf 86' lang='lat' dir='ltr'><strong>inbelles</strong></span> <span class='ocrx_word' id='word_1_248' title='bbox 959 3254 1174 3314; x_wconf 84' lang='lat' dir='ltr'><strong>vitulos</strong></span> <span class='ocrx_word' id='word_1_249' title='bbox 1215 3255 1549 3334; x_wconf 82' lang='lat' dir='ltr'><strong>mollesque</strong></span> <span class='ocrx_word' id='word_1_250' title='bbox 1582 3257 1859 3316; x_wconf 79' lang='lat' dir='ltr'><strong>iuvencas</strong></span> <span class='ocrx_word' id='word_1_251' title='bbox 2219 3263 2318 3318; x_wconf 75' lang='lat'><strong>595</strong></span> 
     </span>
     <span class='ocr_line' id='line_1_38' title="bbox 327 3335 1968 3418; baseline 0.001 -24"><span class='ocrx_word' id='word_1_252' title='bbox 327 3335 712 3411; x_wconf 84' lang='lat' dir='ltr'><strong>Transmittit3</strong></span> <span class='ocrx_word' id='word_1_253' title='bbox 754 3355 963 3415; x_wconf 91' lang='lat' dir='ltr'><strong>magno</strong></span> <span class='ocrx_word' id='word_1_254' title='bbox 1003 3338 1165 3398; x_wconf 86' lang='lat' dir='ltr'><strong>furor</strong></span> <span class='ocrx_word' id='word_1_255' title='bbox 1207 3347 1300 3398; x_wconf 85' lang='lat' dir='ltr'><strong>est</strong></span> <span class='ocrx_word' id='word_1_256' title='bbox 1341 3341 1397 3399; x_wconf 92' lang='lat' dir='ltr'><strong>in</strong></span> <span class='ocrx_word' id='word_1_257' title='bbox 1436 3340 1718 3418; x_wconf 78' lang='lat' dir='ltr'><strong>sanguine</strong></span> <span class='ocrx_word' id='word_1_258' title='bbox 1759 3339 1968 3414; x_wconf 80' lang='lat' dir='ltr'><strong>mergi,</strong></span> 
     </span>
     <span class='ocr_line' id='line_1_39' title="bbox 321 3417 1819 3500; baseline 0.003 -23"><span class='ocrx_word' id='word_1_259' title='bbox 321 3417 454 3479; x_wconf 88' lang='lat' dir='ltr'><strong>Nec</strong></span> <span class='ocrx_word' id='word_1_260' title='bbox 498 3420 607 3480; x_wconf 89' lang='lat' dir='ltr'><strong>nisi</strong></span> <span class='ocrx_word' id='word_1_261' title='bbox 651 3425 946 3500; x_wconf 82' lang='lat' dir='ltr'><strong>regnantis</strong></span> <span class='ocrx_word' id='word_1_262' title='bbox 989 3423 1222 3483; x_wconf 82' lang='lat' dir='ltr'><strong>cervice</strong></span> <span class='ocrx_word' id='word_1_263' title='bbox 1265 3424 1614 3486; x_wconf 85' lang='lat' dir='ltr'><strong>recumbere</strong></span> <span class='ocrx_word' id='word_1_264' title='bbox 1652 3425 1819 3486; x_wconf 77' lang='lat' dir='ltr'><strong>tauri.</strong></span> 
     </span>
    </p>
   </div>
  </div>
 </body>
</html>
