<?xml version="1.0" encoding="UTF-8"?>
<!DOCTYPE html PUBLIC "-//W3C//DTD XHTML 1.0 Transitional//EN"
    "http://www.w3.org/TR/xhtml1/DTD/xhtml1-transitional.dtd">
<html xmlns="http://www.w3.org/1999/xhtml" xml:lang="en" lang="en">
 <head>
  <title>
</title>
<meta http-equiv="Content-Type" content="text/html;charset=utf-8" />
  <meta name='ocr-system' content='tesseract 3.04.00' />
  <meta name='ocr-capabilities' content='ocr_page ocr_carea ocr_par ocr_line ocrx_word'/>
</head>
<body>
  <div class='ocr_page' id='page_1' title='image "./ppapiniusstatiu00placgoog_0420.png"; bbox 0 0 2517 3909; ppageno 0'>
   <div class='ocr_carea' id='block_1_1' title="bbox 347 116 1699 181">
    <p class='ocr_par' dir='ltr' id='par_1_1' title="bbox 347 116 1699 181">
     <span class='ocr_line' id='line_1_1' title="bbox 347 116 1699 181; baseline 0 -1"><span class='ocrx_word' id='word_1_1' title='bbox 347 116 475 181; x_wconf 82' lang='lat'><strong>128</strong></span> <span class='ocrx_word' id='word_1_2' title='bbox 1045 129 1111 177; x_wconf 78' lang='lat' dir='ltr'><strong>r.</strong></span> <span class='ocrx_word' id='word_1_3' title='bbox 1133 128 1427 180; x_wconf 61' lang='lat' dir='ltr'><strong>rarum</strong></span> <span class='ocrx_word' id='word_1_4' title='bbox 1465 128 1699 180; x_wconf 70' lang='lat' dir='ltr'><strong>snm</strong></span> 
     </span>
    </p>
   </div>
   <div class='ocr_carea' id='block_1_2' title="bbox 356 284 1833 365">
    <p class='ocr_par' dir='ltr' id='par_1_2' title="bbox 356 284 1833 365">
     <span class='ocr_line' id='line_1_2' title="bbox 356 284 1833 365; baseline 0 -17"><span class='ocrx_word' id='word_1_5' title='bbox 356 286 523 349; x_wconf 79' lang='lat' dir='ltr'><strong>Multi</strong></span> <span class='ocrx_word' id='word_1_6' title='bbox 565 294 654 364; x_wconf 82' lang='lat' dir='ltr'><strong>et,</strong></span> <span class='ocrx_word' id='word_1_7' title='bbox 701 295 854 365; x_wconf 83' lang='lat' dir='ltr'><strong>quos</strong></span> <span class='ocrx_word' id='word_1_8' title='bbox 892 284 1042 348; x_wconf 79' lang='lat' dir='ltr'><strong>varii</strong></span> <span class='ocrx_word' id='word_1_9' title='bbox 1079 293 1248 359; x_wconf 75' lang='lat' dir='ltr'><strong>tacet·</strong></span> <span class='ocrx_word' id='word_1_10' title='bbox 1282 285 1605 363; x_wconf 75' lang='lat' dir='ltr'><strong>ignorantia</strong></span> <span class='ocrx_word' id='word_1_11' title='bbox 1646 284 1833 364; x_wconf 73' lang='lat' dir='ltr'><strong>vulgi,</strong></span> 
     </span>
    </p>
   </div>
   <div class='ocr_carea' id='block_1_3' title="bbox 351 368 2198 451">
    <p class='ocr_par' dir='ltr' id='par_1_3' title="bbox 351 368 2198 451">
     <span class='ocr_line' id='line_1_3' title="bbox 351 368 2198 451; baseline -0.001 -17"><span class='ocrx_word' id='word_1_12' title='bbox 351 372 502 434; x_wconf 85' lang='lat' dir='ltr'><strong>Hinc</strong></span> <span class='ocrx_word' id='word_1_13' title='bbox 542 381 717 451; x_wconf 86' lang='lat' dir='ltr'><strong>atque</strong></span> <span class='ocrx_word' id='word_1_14' title='bbox 757 370 891 432; x_wconf 84' lang='lat' dir='ltr'><strong>hinc</strong></span> <span class='ocrx_word' id='word_1_15' title='bbox 933 368 1190 432; x_wconf 80' lang='lat' dir='ltr'><strong>subiere.</strong></span> <span class='ocrx_word' id='word_1_16' title='bbox 1266 370 1395 434; x_wconf 88' lang='lat' dir='ltr'><strong>Sed</strong></span> <span class='ocrx_word' id='word_1_17' title='bbox 1426 370 1661 432; x_wconf 84' lang='lat' dir='ltr'><strong>Arcada</strong></span> <span class='ocrx_word' id='word_1_18' title='bbox 1692 369 2198 451; x_wconf 70' lang='lat' dir='ltr'><strong>Parthenopaeum</strong></span> 
     </span>
    </p>
   </div>
   <div class='ocr_carea' id='block_1_4' title="bbox 261 454 2022 1298">
    <p class='ocr_par' dir='ltr' id='par_1_4' title="bbox 261 454 2022 1298">
     <span class='ocr_line' id='line_1_4' title="bbox 356 454 1956 537; baseline -0.001 -19"><span class='ocrx_word' id='word_1_19' title='bbox 356 456 680 537; x_wconf 66' lang='lat' dir='ltr'><strong>Appellat</strong></span> <span class='ocrx_word' id='word_1_20' title='bbox 720 454 1005 536; x_wconf 70' lang='lat' dir='ltr'><strong>densique</strong></span> <span class='ocrx_word' id='word_1_21' title='bbox 1048 456 1216 516; x_wconf 81' lang='lat' dir='ltr'><strong>cient·</strong></span> <span class='ocrx_word' id='word_1_22' title='bbox 1243 471 1396 533; x_wconf 77' lang='lat' dir='ltr'><strong>vaga</strong></span> <span class='ocrx_word' id='word_1_23' title='bbox 1434 469 1721 518; x_wconf 77' lang='lat' dir='ltr'><strong>murmura</strong></span> <span class='ocrx_word' id='word_1_24' title='bbox 1762 454 1956 516; x_wconf 61' lang='lat' dir='ltr'><strong>circi·</strong></span> 
     </span>
     <span class='ocr_line' id='line_1_5' title="bbox 350 538 1891 621; baseline -0.002 -19"><span class='ocrx_word' id='word_1_25' title='bbox 350 541 506 602; x_wconf 85' lang='lat' dir='ltr'><strong>Nota</strong></span> <span class='ocrx_word' id='word_1_26' title='bbox 548 558 760 621; x_wconf 79' lang='lat' dir='ltr'><strong>parens</strong></span> <span class='ocrx_word' id='word_1_27' title='bbox 795 558 1005 608; x_wconf 87' lang='lat' dir='ltr'><strong>cursu;</strong></span> <span class='ocrx_word' id='word_1_28' title='bbox 1051 540 1180 618; x_wconf 70' lang='lat' dir='ltr'><strong>quis</strong></span> <span class='ocrx_word' id='word_1_29' title='bbox 1222 538 1542 602; x_wconf 81' lang='lat' dir='ltr'><strong>Maenaliae</strong></span> <span class='ocrx_word' id='word_1_30' title='bbox 1586 539 1891 602; x_wconf 71' lang='lat' dir='ltr'><strong>Atalantes</strong></span> 
     </span>
     <span class='ocr_line' id='line_1_6' title="bbox 353 623 1818 702; baseline -0.002 -15"><span class='ocrx_word' id='word_1_31' title='bbox 353 625 597 687; x_wconf 81' lang='lat' dir='ltr'><strong>Nesciat</strong></span> <span class='ocrx_word' id='word_1_32' title='bbox 634 624 936 702; x_wconf 83' lang='lat' dir='ltr'><strong>egregium</strong></span> <span class='ocrx_word' id='word_1_33' title='bbox 971 623 1155 685; x_wconf 86' lang='lat' dir='ltr'><strong>decus</strong></span> <span class='ocrx_word' id='word_1_34' title='bbox 1197 633 1258 685; x_wconf 88' lang='lat' dir='ltr'><strong>et</strong></span> <span class='ocrx_word' id='word_1_35' title='bbox 1299 626 1552 702; x_wconf 81' lang='lat' dir='ltr'><strong>vestigia</strong></span> <span class='ocrx_word' id='word_1_36' title='bbox 1594 624 1818 686; x_wconf 82' lang='lat' dir='ltr'><strong>cunctis</strong></span> 
     </span>
     <span class='ocr_line' id='line_1_7' title="bbox 261 705 1955 790; baseline -0.002 -19"><span class='ocrx_word' id='word_1_37' title='bbox 261 785 266 790; x_wconf 8' lang='grc' dir='ltr'><em>Ο</em></span> <span class='ocrx_word' id='word_1_38' title='bbox 354 710 714 789; x_wconf 88' lang='lat' dir='ltr'><strong>Indeprensa</strong></span> <span class='ocrx_word' id='word_1_39' title='bbox 759 705 1006 788; x_wconf 85' lang='lat' dir='ltr'><strong>procis?</strong></span> <span class='ocrx_word' id='word_1_40' title='bbox 1075 706 1300 769; x_wconf 87' lang='lat' dir='ltr'><strong>Onerat</strong></span> <span class='ocrx_word' id='word_1_41' title='bbox 1335 708 1722 770; x_wconf 76' lang='lat' dir='ltr'><strong>celeberrinm</strong></span> <span class='ocrx_word' id='word_1_42' title='bbox 1761 716 1955 768; x_wconf 82' lang='lat' dir='ltr'><strong>natum</strong></span> 
     </span>
     <span class='ocr_line' id='line_1_8' title="bbox 353 792 1933 873; baseline -0.003 -17"><span class='ocrx_word' id='word_1_43' title='bbox 353 794 563 870; x_wconf 77' lang='lat' dir='ltr'><strong>Mater,</strong></span> <span class='ocrx_word' id='word_1_44' title='bbox 608 803 667 854; x_wconf 88' lang='lat' dir='ltr'><strong>et</strong></span> <span class='ocrx_word' id='word_1_45' title='bbox 707 794 840 873; x_wconf 87' lang='lat' dir='ltr'><strong>ipse</strong></span> <span class='ocrx_word' id='word_1_46' title='bbox 874 792 1083 873; x_wconf 85' lang='lat' dir='ltr'><strong>procul</strong></span> <span class='ocrx_word' id='word_1_47' title='bbox 1125 793 1278 854; x_wconf 88' lang='lat' dir='ltr'><strong>fama</strong></span> <span class='ocrx_word' id='word_1_48' title='bbox 1318 795 1431 854; x_wconf 90' lang='lat' dir='ltr'><strong>iam</strong></span> <span class='ocrx_word' id='word_1_49' title='bbox 1460 802 1634 853; x_wconf 84' lang='lat' dir='ltr'><strong>notus</strong></span> <span class='ocrx_word' id='word_1_50' title='bbox 1675 794 1933 854; x_wconf 81' lang='lat' dir='ltr'><strong>inermes</strong></span> 
     </span>
     <span class='ocr_line' id='line_1_9' title="bbox 355 875 1805 960; baseline -0.002 -21"><span class='ocrx_word' id='word_1_51' title='bbox 355 877 634 940; x_wconf 81' lang='lat' dir='ltr'><strong>Narratur</strong></span> <span class='ocrx_word' id='word_1_52' title='bbox 671 889 879 940; x_wconf 74' lang='lat' dir='ltr'><strong>cervas</strong></span> <span class='ocrx_word' id='word_1_53' title='bbox 922 875 1109 958; x_wconf 73' lang='lat' dir='ltr'><strong>pedes</strong></span> <span class='ocrx_word' id='word_1_54' title='bbox 1148 880 1300 940; x_wconf 86' lang='lat' dir='ltr'><strong>inter</strong></span> <span class='ocrx_word' id='word_1_55' title='bbox 1340 887 1547 960; x_wconf 83' lang='lat' dir='ltr'><strong>aperta</strong></span> <span class='ocrx_word' id='word_1_56' title='bbox 1588 875 1805 952; x_wconf 80' lang='lat' dir='ltr'><strong>Lycaei</strong></span> 
     </span>
     <span class='ocr_line' id='line_1_10' title="bbox 352 960 1866 1042; baseline -0.005 -18"><span class='ocrx_word' id='word_1_57' title='bbox 352 963 594 1024; x_wconf 79' lang='lat' dir='ltr'>Tollere</span> <span class='ocrx_word' id='word_1_58' title='bbox 632 971 692 1022; x_wconf 90' lang='lat' dir='ltr'><strong>et</strong></span> <span class='ocrx_word' id='word_1_59' title='bbox 726 962 1000 1023; x_wconf 89' lang='lat' dir='ltr'><strong>emissum</strong></span> <span class='ocrx_word' id='word_1_60' title='bbox 1043 980 1218 1024; x_wconf 73' lang='lat' dir='ltr'><strong>cursa</strong></span> <span class='ocrx_word' id='word_1_61' title='bbox 1260 962 1630 1042; x_wconf 75' lang='lat' dir='ltr'><strong>deprendere</strong></span> <span class='ocrx_word' id='word_1_62' title='bbox 1669 960 1866 1024; x_wconf 86' lang='lat' dir='ltr'><strong>telum.</strong></span> 
     </span>
     <span class='ocr_line' id='line_1_11' title="bbox 353 1044 1936 1127; baseline -0.003 -19"><span class='ocrx_word' id='word_1_63' title='bbox 353 1047 610 1109; x_wconf 79' lang='lat' dir='ltr'><strong>Tandem</strong></span> <span class='ocrx_word' id='word_1_64' title='bbox 648 1054 991 1127; x_wconf 64' lang='lat' dir='ltr'><strong>expectatis</strong></span> <span class='ocrx_word' id='word_1_65' title='bbox 1034 1046 1262 1108; x_wconf 84' lang='lat' dir='ltr'><strong>volucri</strong></span> <span class='ocrx_word' id='word_1_66' title='bbox 1294 1065 1474 1127; x_wconf 84' lang='lat' dir='ltr'><strong>super</strong></span> <span class='ocrx_word' id='word_1_67' title='bbox 1517 1046 1743 1124; x_wconf 87' lang='lat' dir='ltr'><strong>agmina</strong></span> <span class='ocrx_word' id='word_1_68' title='bbox 1784 1044 1936 1106; x_wconf 89' lang='lat' dir='ltr'><strong>saltu</strong></span> 
     </span>
     <span class='ocr_line' id='line_1_12' title="bbox 350 1131 1810 1207; baseline -0.001 -14"><span class='ocrx_word' id='word_1_69' title='bbox 350 1131 576 1193; x_wconf 82' lang='lat' dir='ltr'><strong>Emicat</strong></span> <span class='ocrx_word' id='word_1_70' title='bbox 618 1141 679 1192; x_wconf 89' lang='lat' dir='ltr'><strong>et</strong></span> <span class='ocrx_word' id='word_1_71' title='bbox 719 1140 873 1192; x_wconf 85' lang='lat' dir='ltr'><strong>torto</strong></span> <span class='ocrx_word' id='word_1_72' title='bbox 919 1131 1279 1207; x_wconf 74' lang='lat' dir='ltr'><strong>chlamydem</strong></span> <span class='ocrx_word' id='word_1_73' title='bbox 1318 1131 1605 1193; x_wconf 83' lang='lat' dir='ltr'><strong>diffibulat</strong></span> <span class='ocrx_word' id='word_1_74' title='bbox 1647 1147 1810 1192; x_wconf 87' lang='lat' dir='ltr'><strong>auro.</strong></span> 
     </span>
     <span class='ocr_line' id='line_1_13' title="bbox 353 1210 2022 1298; baseline -0.004 -20"><span class='ocrx_word' id='word_1_75' title='bbox 353 1210 649 1278; x_wconf 84' lang='lat' dir='ltr'><strong>Effulsere</strong></span> <span class='ocrx_word' id='word_1_76' title='bbox 694 1225 883 1293; x_wconf 84' lang='lat' dir='ltr'><strong>artus,</strong></span> <span class='ocrx_word' id='word_1_77' title='bbox 927 1215 1433 1298; x_wconf 78' lang='lat' dir='ltr'><strong>membrorumque</strong></span> <span class='ocrx_word' id='word_1_78' title='bbox 1465 1215 1648 1275; x_wconf 86' lang='lat' dir='ltr'><strong>omnis</strong></span> <span class='ocrx_word' id='word_1_79' title='bbox 1687 1221 1891 1294; x_wconf 70' lang='lat' dir='ltr'><strong>aperta</strong></span> <span class='ocrx_word' id='word_1_80' title='bbox 1931 1221 2022 1274; x_wconf 85' lang='lat' dir='ltr'><strong>est</strong></span> 
     </span>
    </p>
   </div>
   <div class='ocr_carea' id='block_1_5' title="bbox 349 1296 2199 1380">
    <p class='ocr_par' dir='ltr' id='par_1_5' title="bbox 349 1296 2199 1380">
     <span class='ocr_line' id='line_1_14' title="bbox 349 1296 2199 1380; baseline -0.002 -17"><span class='ocrx_word' id='word_1_81' title='bbox 349 1301 590 1363; x_wconf 87' lang='lat' dir='ltr'><strong>Laetitia</strong></span> <span class='ocrx_word' id='word_1_82' title='bbox 624 1302 1000 1379; x_wconf 79' lang='lat' dir='ltr'><strong>insignesque</strong></span> <span class='ocrx_word' id='word_1_83' title='bbox 1037 1299 1296 1376; x_wconf 76' lang='lat' dir='ltr'><strong>humeri,</strong></span> <span class='ocrx_word' id='word_1_84' title='bbox 1337 1319 1451 1362; x_wconf 88' lang='lat' dir='ltr'><strong>nec</strong></span> <span class='ocrx_word' id='word_1_85' title='bbox 1495 1307 1741 1380; x_wconf 81' lang='lat' dir='ltr'><strong>pectora</strong></span> <span class='ocrx_word' id='word_1_86' title='bbox 1785 1296 1951 1360; x_wconf 78' lang='lat' dir='ltr'><strong>nudis</strong></span> <span class='ocrx_word' id='word_1_87' title='bbox 2046 1354 2053 1362; x_wconf 91' lang='lat'><strong><em>.</em></strong></span> <span class='ocrx_word' id='word_1_88' title='bbox 2180 1331 2199 1360; x_wconf 65' lang='grc' dir='ltr'><strong>ι</strong></span> 
     </span>
    </p>
   </div>
   <div class='ocr_carea' id='block_1_6' title="bbox 346 1384 2034 3412">
    <p class='ocr_par' dir='ltr' id='par_1_6' title="bbox 346 1384 2034 3410">
     <span class='ocr_line' id='line_1_15' title="bbox 348 1384 1873 1465; baseline -0.001 -17"><span class='ocrx_word' id='word_1_89' title='bbox 348 1385 663 1449; x_wconf 73' lang='lat' dir='ltr'><strong>Deterior-a</strong></span> <span class='ocrx_word' id='word_1_90' title='bbox 703 1386 905 1463; x_wconf 82' lang='lat' dir='ltr'><strong>genis,</strong></span> <span class='ocrx_word' id='word_1_91' title='bbox 945 1384 1225 1463; x_wconf 88' lang='lat' dir='ltr'><strong>latuitque</strong></span> <span class='ocrx_word' id='word_1_92' title='bbox 1268 1387 1328 1446; x_wconf 88' lang='lat' dir='ltr'><strong>in</strong></span> <span class='ocrx_word' id='word_1_93' title='bbox 1369 1401 1623 1465; x_wconf 85' lang='lat' dir='ltr'><strong>corpore</strong></span> <span class='ocrx_word' id='word_1_94' title='bbox 1658 1384 1873 1446; x_wconf 79' lang='lat' dir='ltr'><strong>vultus</strong></span> 
     </span>
     <span class='ocr_line' id='line_1_16' title="bbox 348 1467 1954 1549; baseline -0.003 -18"><span class='ocrx_word' id='word_1_95' title='bbox 348 1467 488 1549; x_wconf 89' lang='lat' dir='ltr'><strong>Ipse</strong></span> <span class='ocrx_word' id='word_1_96' title='bbox 527 1479 717 1531; x_wconf 89' lang='lat' dir='ltr'><strong>tamen</strong></span> <span class='ocrx_word' id='word_1_97' title='bbox 763 1469 984 1531; x_wconf 81' lang='lat' dir='ltr'><strong>formae</strong></span> <span class='ocrx_word' id='word_1_98' title='bbox 1027 1468 1256 1531; x_wconf 90' lang='lat' dir='ltr'><strong>laudem</strong></span> <span class='ocrx_word' id='word_1_99' title='bbox 1300 1478 1645 1549; x_wconf 75' lang='lat' dir='ltr'><strong>aspernatur</strong></span> <span class='ocrx_word' id='word_1_100' title='bbox 1688 1477 1749 1530; x_wconf 89' lang='lat' dir='ltr'><strong>et</strong></span> <span class='ocrx_word' id='word_1_101' title='bbox 1789 1474 1954 1529; x_wconf 86' lang='lat' dir='ltr'><strong>arcet</strong></span> 
     </span>
     <span class='ocr_line' id='line_1_17' title="bbox 350 1552 1869 1625; baseline -0.001 -11"><span class='ocrx_word' id='word_1_102' title='bbox 350 1553 657 1625; x_wconf 86' lang='lat' dir='ltr'><strong>Mirantes;</strong></span> <span class='ocrx_word' id='word_1_103' title='bbox 704 1562 841 1615; x_wconf 83' lang='lat' dir='ltr'><strong>tunc</strong></span> <span class='ocrx_word' id='word_1_104' title='bbox 881 1553 1174 1615; x_wconf 89' lang='lat' dir='ltr'><strong>Palladios</strong></span> <span class='ocrx_word' id='word_1_105' title='bbox 1214 1570 1332 1615; x_wconf 88' lang='lat' dir='ltr'><strong>non</strong></span> <span class='ocrx_word' id='word_1_106' title='bbox 1373 1556 1588 1615; x_wconf 87' lang='lat' dir='ltr'><strong>inscius</strong></span> <span class='ocrx_word' id='word_1_107' title='bbox 1632 1552 1869 1616; x_wconf 79' lang='lat' dir='ltr'><strong>haustus</strong></span> 
     </span>
     <span class='ocr_line' id='line_1_18' title="bbox 349 1637 1755 1719; baseline 0 -21"><span class='ocrx_word' id='word_1_108' title='bbox 349 1638 646 1715; x_wconf 81' lang='lat' dir='ltr'><strong>Incubuit,</strong></span> <span class='ocrx_word' id='word_1_109' title='bbox 683 1640 998 1719; x_wconf 77' lang='lat' dir='ltr'><strong>pinguique</strong></span> <span class='ocrx_word' id='word_1_110' title='bbox 1041 1648 1229 1700; x_wconf 90' lang='lat' dir='ltr'><strong>cutem</strong></span> <span class='ocrx_word' id='word_1_111' title='bbox 1271 1639 1534 1702; x_wconf 74' lang='lat' dir='ltr'><strong>fuscatur</strong></span> <span class='ocrx_word' id='word_1_112' title='bbox 1578 1637 1755 1698; x_wconf 78' lang='lat' dir='ltr'><strong>olivo,</strong></span> 
     </span>
     <span class='ocr_line' id='line_1_19' title="bbox 347 1722 1902 1803; baseline -0.002 -19"><span class='ocrx_word' id='word_1_113' title='bbox 347 1722 477 1784; x_wconf 87' lang='lat' dir='ltr'><strong>Hoc</strong></span> <span class='ocrx_word' id='word_1_114' title='bbox 518 1722 684 1799; x_wconf 82' lang='lat' dir='ltr'><strong>Idas,</strong></span> <span class='ocrx_word' id='word_1_115' title='bbox 728 1724 845 1788; x_wconf 83' lang='lat' dir='ltr'><strong>hoc</strong></span> <span class='ocrx_word' id='word_1_116' title='bbox 882 1742 1046 1784; x_wconf 89' lang='lat' dir='ltr'><strong>more</strong></span> <span class='ocrx_word' id='word_1_117' title='bbox 1079 1723 1303 1799; x_wconf 74' lang='lat' dir='ltr'><strong>Dymas</strong></span> <span class='ocrx_word' id='word_1_118' title='bbox 1340 1723 1555 1803; x_wconf 86' lang='lat' dir='ltr'><strong>aliique</strong></span> <span class='ocrx_word' id='word_1_119' title='bbox 1596 1724 1902 1785; x_wconf 85' lang='lat' dir='ltr'><strong>nitescunt.</strong></span> 
     </span>
     <span class='ocr_line' id='line_1_20' title="bbox 479 1807 1875 1890; baseline -0.001 -21"><span class='ocrx_word' id='word_1_120' title='bbox 479 1807 578 1869; x_wconf 91' lang='lat' dir='ltr'><strong>Sic</strong></span> <span class='ocrx_word' id='word_1_121' title='bbox 620 1807 721 1868; x_wconf 89' lang='lat' dir='ltr'><strong>ubi</strong></span> <span class='ocrx_word' id='word_1_122' title='bbox 761 1808 1073 1890; x_wconf 84' lang='lat' dir='ltr'><strong>tranquillo</strong></span> <span class='ocrx_word' id='word_1_123' title='bbox 1120 1807 1420 1887; x_wconf 83' lang='lat' dir='ltr'><strong>pellucent</strong></span> <span class='ocrx_word' id='word_1_124' title='bbox 1459 1807 1653 1870; x_wconf 76' lang='lat' dir='ltr'><strong>sidera</strong></span> <span class='ocrx_word' id='word_1_125' title='bbox 1693 1815 1875 1887; x_wconf 87' lang='lat' dir='ltr'><strong>ponto</strong></span> 
     </span>
     <span class='ocr_line' id='line_1_21' title="bbox 349 1892 1743 1973; baseline -0.001 -20"><span class='ocrx_word' id='word_1_126' title='bbox 349 1892 743 1973; x_wconf 80' lang='lat' dir='ltr'><strong>vibraturque</strong></span> <span class='ocrx_word' id='word_1_127' title='bbox 787 1893 955 1954; x_wconf 81' lang='lat' dir='ltr'><strong>fretis</strong></span> <span class='ocrx_word' id='word_1_128' title='bbox 999 1892 1156 1954; x_wconf 85' lang='lat' dir='ltr'><strong>coeli</strong></span> <span class='ocrx_word' id='word_1_129' title='bbox 1195 1892 1484 1953; x_wconf 83' lang='lat' dir='ltr'><strong>stellantis</strong></span> <span class='ocrx_word' id='word_1_130' title='bbox 1523 1894 1743 1969; x_wconf 81' lang='lat' dir='ltr'><strong>imago,</strong></span> 
     </span>
     <span class='ocr_line' id='line_1_22' title="bbox 356 1976 1877 2055; baseline -0.001 -18"><span class='ocrx_word' id='word_1_131' title='bbox 356 1977 557 2038; x_wconf 89' lang='lat' dir='ltr'><strong>Omnia</strong></span> <span class='ocrx_word' id='word_1_132' title='bbox 603 1977 760 2039; x_wconf 92' lang='lat' dir='ltr'><strong>clara</strong></span> <span class='ocrx_word' id='word_1_133' title='bbox 804 1978 1028 2047; x_wconf 88' lang='lat' dir='ltr'><strong>nitent·</strong></span> <span class='ocrx_word' id='word_1_134' title='bbox 1059 1976 1171 2038; x_wconf 88' lang='lat' dir='ltr'><strong>sed</strong></span> <span class='ocrx_word' id='word_1_135' title='bbox 1212 1977 1429 2038; x_wconf 87' lang='lat' dir='ltr'><strong>clarior</strong></span> <span class='ocrx_word' id='word_1_136' title='bbox 1458 1977 1658 2038; x_wconf 82' lang='lat' dir='ltr'><strong>omnia</strong></span> <span class='ocrx_word' id='word_1_137' title='bbox 1696 1987 1877 2055; x_wconf 87' lang='lat' dir='ltr'><strong>supra</strong></span> 
     </span>
     <span class='ocr_line' id='line_1_23' title="bbox 347 2059 1995 2161; baseline -0.001 -38"><span class='ocrx_word' id='word_1_138' title='bbox 347 2062 651 2141; x_wconf 81' lang='lat' dir='ltr'><strong>Hesperos</strong></span> <span class='ocrx_word' id='word_1_139' title='bbox 698 2070 942 2123; x_wconf 81' lang='lat' dir='ltr'><strong>exercet</strong></span> <span class='ocrx_word' id='word_1_140' title='bbox 982 2062 1213 2139; x_wconf 85' lang='lat' dir='ltr'><strong>radios,</strong></span> <span class='ocrx_word' id='word_1_141' title='bbox 1264 2070 1627 2142; x_wconf 78' lang='lat' dir='ltr'><strong>quantusque</strong></span> <span class='ocrx_word' id='word_1_142' title='bbox 1654 2078 1780 2161; x_wconf 35' lang='lat' dir='ltr'><strong>‘per</strong></span> <span class='ocrx_word' id='word_1_143' title='bbox 1822 2059 1995 2122; x_wconf 86' lang='lat' dir='ltr'><strong>altum</strong></span> 
     </span>
     <span class='ocr_line' id='line_1_24' title="bbox 346 2144 1967 2224; baseline -0.003 -17"><span class='ocrx_word' id='word_1_144' title='bbox 346 2145 642 2224; x_wconf 80' lang='lat' dir='ltr'><strong>Aethera,</strong></span> <span class='ocrx_word' id='word_1_145' title='bbox 688 2147 975 2207; x_wconf 86' lang='lat' dir='ltr'><strong>caeruleis</strong></span> <span class='ocrx_word' id='word_1_146' title='bbox 1019 2154 1208 2207; x_wconf 87' lang='lat' dir='ltr'><strong>tantus</strong></span> <span class='ocrx_word' id='word_1_147' title='bbox 1252 2155 1605 2210; x_wconf 78' lang='lat' dir='ltr'><strong>monstratur</strong></span> <span class='ocrx_word' id='word_1_148' title='bbox 1650 2147 1708 2206; x_wconf 88' lang='lat' dir='ltr'><strong>in</strong></span> <span class='ocrx_word' id='word_1_149' title='bbox 1747 2144 1967 2208; x_wconf 86' lang='lat' dir='ltr'><strong>undis.</strong></span> 
     </span>
     <span class='ocr_line' id='line_1_25' title="bbox 348 2228 1877 2310; baseline -0.002 -16"><span class='ocrx_word' id='word_1_150' title='bbox 348 2230 654 2294; x_wconf 85' lang='lat' dir='ltr'><strong>Proximus</strong></span> <span class='ocrx_word' id='word_1_151' title='bbox 700 2240 759 2295; x_wconf 88' lang='lat' dir='ltr'><strong>et</strong></span> <span class='ocrx_word' id='word_1_152' title='bbox 800 2230 985 2292; x_wconf 83' lang='lat' dir='ltr'><strong>forma</strong></span> <span class='ocrx_word' id='word_1_153' title='bbox 1023 2249 1138 2292; x_wconf 82' lang='lat' dir='ltr'><strong>aec</strong></span> <span class='ocrx_word' id='word_1_154' title='bbox 1186 2231 1424 2292; x_wconf 85' lang='lat' dir='ltr'><strong>multum</strong></span> <span class='ocrx_word' id='word_1_155' title='bbox 1461 2232 1706 2310; x_wconf 76' lang='lat' dir='ltr'><strong>segnior</strong></span> <span class='ocrx_word' id='word_1_156' title='bbox 1744 2228 1877 2292; x_wconf 72' lang='lat' dir='ltr'><strong>mas</strong></span> 
     </span>
     <span class='ocr_line' id='line_1_26' title="bbox 352 2313 1891 2396; baseline -0.002 -21"><span class='ocrx_word' id='word_1_157' title='bbox 352 2314 632 2375; x_wconf 84' lang='lat' dir='ltr'><strong>Cursibus</strong></span> <span class='ocrx_word' id='word_1_158' title='bbox 671 2324 844 2394; x_wconf 80' lang='lat' dir='ltr'><strong>atque</strong></span> <span class='ocrx_word' id='word_1_159' title='bbox 891 2332 1041 2375; x_wconf 86' lang='lat' dir='ltr'><strong>aevo</strong></span> <span class='ocrx_word' id='word_1_160' title='bbox 1081 2316 1242 2377; x_wconf 76' lang='lat' dir='ltr'><strong>iuxta</strong></span> <span class='ocrx_word' id='word_1_161' title='bbox 1279 2318 1470 2396; x_wconf 61' lang='lat' dir='ltr'><strong>prium</strong></span> <span class='ocrx_word' id='word_1_162' title='bbox 1514 2325 1764 2377; x_wconf 86' lang='lat' dir='ltr'><strong>attamen</strong></span> <span class='ocrx_word' id='word_1_163' title='bbox 1806 2313 1891 2373; x_wconf 82' lang='lat' dir='ltr'><strong>illi</strong></span> 
     </span>
     <span class='ocr_line' id='line_1_27' title="bbox 348 2398 1985 2480; baseline -0.001 -20"><span class='ocrx_word' id='word_1_164' title='bbox 348 2399 468 2461; x_wconf 87' lang='lat' dir='ltr'><strong>Iam</strong></span> <span class='ocrx_word' id='word_1_165' title='bbox 512 2408 744 2460; x_wconf 85' lang='lat' dir='ltr'><strong>tenuem</strong></span> <span class='ocrx_word' id='word_1_166' title='bbox 779 2399 1027 2480; x_wconf 75' lang='lat' dir='ltr'><strong>pingues</strong></span> <span class='ocrx_word' id='word_1_167' title='bbox 1063 2398 1273 2461; x_wconf 80' lang='lat' dir='ltr'><strong>florem</strong></span> <span class='ocrx_word' id='word_1_168' title='bbox 1314 2400 1599 2462; x_wconf 79' lang='lat' dir='ltr'><strong>induxere</strong></span> <span class='ocrx_word' id='word_1_169' title='bbox 1633 2399 1985 2480; x_wconf 80' lang='lat' dir='ltr'><strong>palaestrae,</strong></span> 
     </span>
     <span class='ocr_line' id='line_1_28' title="bbox 348 2483 1762 2566; baseline -0.001 -21"><span class='ocrx_word' id='word_1_170' title='bbox 348 2483 744 2565; x_wconf 85' lang='lat' dir='ltr'><strong>Deserpitque</strong></span> <span class='ocrx_word' id='word_1_171' title='bbox 788 2486 988 2566; x_wconf 84' lang='lat' dir='ltr'><strong>genis,</strong></span> <span class='ocrx_word' id='word_1_172' title='bbox 1031 2503 1143 2545; x_wconf 87' lang='lat' dir='ltr'><strong>nec</strong></span> <span class='ocrx_word' id='word_1_173' title='bbox 1185 2504 1251 2546; x_wconf 88' lang='lat' dir='ltr'><strong>se</strong></span> <span class='ocrx_word' id='word_1_174' title='bbox 1294 2485 1506 2563; x_wconf 80' lang='lat' dir='ltr'><strong>lanugo</strong></span> <span class='ocrx_word' id='word_1_175' title='bbox 1532 2485 1762 2546; x_wconf 56' lang='lat' dir='ltr'><strong>latetur</strong></span> 
     </span>
     <span class='ocr_line' id='line_1_29' title="bbox 348 2567 1993 2632; baseline -0.001 -3"><span class='ocrx_word' id='word_1_176' title='bbox 348 2567 622 2630; x_wconf 89' lang='lat' dir='ltr'><strong>Intonsae</strong></span> <span class='ocrx_word' id='word_1_177' title='bbox 664 2569 773 2630; x_wconf 87' lang='lat' dir='ltr'><strong>sub</strong></span> <span class='ocrx_word' id='word_1_178' title='bbox 811 2569 968 2631; x_wconf 79' lang='lat' dir='ltr'><strong>nube</strong></span> <span class='ocrx_word' id='word_1_179' title='bbox 1014 2587 1236 2632; x_wconf 79' lang='lat' dir='ltr'><strong>comae.</strong></span> <span class='ocrx_word' id='word_1_180' title='bbox 1317 2567 1478 2630; x_wconf 88' lang='lat' dir='ltr'><strong>Tunc</strong></span> <span class='ocrx_word' id='word_1_181' title='bbox 1519 2570 1880 2632; x_wconf 66' lang='lat' dir='ltr'><strong>ruecitatos</strong></span> <span class='ocrx_word' id='word_1_182' title='bbox 1988 2619 1993 2628; x_wconf 89' lang='lat'>.</span> 
     </span>
     <span class='ocr_line' id='line_1_30' title="bbox 349 2651 2028 2734; baseline -0.002 -20"><span class='ocrx_word' id='word_1_183' title='bbox 349 2651 678 2733; x_wconf 83' lang='lat' dir='ltr'><strong>Explorant</strong></span> <span class='ocrx_word' id='word_1_184' title='bbox 713 2663 1041 2733; x_wconf 84' lang='lat' dir='ltr'><strong>acuuntque</strong></span> <span class='ocrx_word' id='word_1_185' title='bbox 1084 2654 1331 2732; x_wconf 76' lang='lat' dir='ltr'><strong>gradus,</strong></span> <span class='ocrx_word' id='word_1_186' title='bbox 1365 2654 1679 2734; x_wconf 76' lang='lat' dir='ltr'><strong>variasque</strong></span> <span class='ocrx_word' id='word_1_187' title='bbox 1721 2671 1832 2732; x_wconf 80' lang='lat' dir='ltr'><strong>per</strong></span> <span class='ocrx_word' id='word_1_188' title='bbox 1872 2659 2028 2712; x_wconf 73' lang='lat' dir='ltr'><strong>artes</strong></span> 
     </span>
     <span class='ocr_line' id='line_1_31' title="bbox 350 2736 1907 2816; baseline -0.001 -20"><span class='ocrx_word' id='word_1_189' title='bbox 350 2736 708 2798; x_wconf 88' lang='lat' dir='ltr'><strong>Instimulant</strong></span> <span class='ocrx_word' id='word_1_190' title='bbox 752 2738 926 2799; x_wconf 77' lang='lat' dir='ltr'><strong>docto</strong></span> <span class='ocrx_word' id='word_1_191' title='bbox 972 2740 1329 2816; x_wconf 76' lang='lat' dir='ltr'><strong>languentia</strong></span> <span class='ocrx_word' id='word_1_192' title='bbox 1345 2736 1907 2800; x_wconf 71' lang='lat' dir='ltr'><strong>membra-tumultu.</strong></span> 
     </span>
     <span class='ocr_line' id='line_1_32' title="bbox 350 2821 1865 2902; baseline -0.003 -18"><span class='ocrx_word' id='word_1_193' title='bbox 350 2822 582 2902; x_wconf 90' lang='lat' dir='ltr'><strong>Poplite</strong></span> <span class='ocrx_word' id='word_1_194' title='bbox 615 2837 767 2882; x_wconf 81' lang='lat' dir='ltr'><strong>nunc</strong></span> <span class='ocrx_word' id='word_1_195' title='bbox 805 2821 961 2882; x_wconf 75' lang='lat' dir='ltr'><strong>flexo</strong></span> <span class='ocrx_word' id='word_1_196' title='bbox 1004 2825 1225 2900; x_wconf 78' lang='lat' dir='ltr'><strong>sidunt,</strong></span> <span class='ocrx_word' id='word_1_197' title='bbox 1268 2841 1425 2885; x_wconf 75' lang='lat' dir='ltr'><strong>mc</strong></span> <span class='ocrx_word' id='word_1_198' title='bbox 1463 2822 1686 2884; x_wconf 74' lang='lat' dir='ltr'><strong>lubrica</strong></span> <span class='ocrx_word' id='word_1_199' title='bbox 1726 2821 1865 2882; x_wconf 78' lang='lat' dir='ltr'><strong>forti</strong></span> 
     </span>
     <span class='ocr_line' id='line_1_33' title="bbox 349 2906 1848 2987; baseline -0.001 -20"><span class='ocrx_word' id='word_1_200' title='bbox 349 2906 598 2967; x_wconf 89' lang='lat' dir='ltr'><strong>Pectora</strong></span> <span class='ocrx_word' id='word_1_201' title='bbox 643 2906 923 2967; x_wconf 87' lang='lat' dir='ltr'><strong>collidunt</strong></span> <span class='ocrx_word' id='word_1_202' title='bbox 966 2908 1202 2987; x_wconf 83' lang='lat' dir='ltr'><strong>plausu,</strong></span> <span class='ocrx_word' id='word_1_203' title='bbox 1242 2919 1419 2970; x_wconf 85' lang='lat' dir='ltr'><strong>nunc</strong></span> <span class='ocrx_word' id='word_1_204' title='bbox 1428 2907 1601 2986; x_wconf 82' lang='lat' dir='ltr'><strong>ignea</strong></span> <span class='ocrx_word' id='word_1_205' title='bbox 1636 2906 1848 2970; x_wconf 79' lang='lat' dir='ltr'><strong>tollunt</strong></span> 
     </span>
     <span class='ocr_line' id='line_1_34' title="bbox 353 2984 2015 3071; baseline -0.001 -20"><span class='ocrx_word' id='word_1_206' title='bbox 353 2989 539 3051; x_wconf 86' lang='lat' dir='ltr'><strong>Crura</strong></span> <span class='ocrx_word' id='word_1_207' title='bbox 578 2984 938 3071; x_wconf 82' lang='lat' dir='ltr'><strong>brevemque</strong></span> <span class='ocrx_word' id='word_1_208' title='bbox 977 2992 1192 3069; x_wconf 81' lang='lat' dir='ltr'><strong>fugam</strong></span> <span class='ocrx_word' id='word_1_209' title='bbox 1209 2994 1507 3071; x_wconf 69' lang='lat' dir='ltr'><strong>necopino</strong></span> <span class='ocrx_word' id='word_1_210' title='bbox 1550 2992 1667 3054; x_wconf 71' lang='lat' dir='ltr'><strong>fine</strong></span> <span class='ocrx_word' id='word_1_211' title='bbox 1708 2998 2015 3070; x_wconf 76' lang='lat' dir='ltr'><strong>reponant.</strong></span> 
     </span>
     <span class='ocr_line' id='line_1_35' title="bbox 349 3074 1999 3155; baseline -0.001 -20"><span class='ocrx_word' id='word_1_212' title='bbox 349 3095 354 3102; x_wconf 93' lang='lat'>·</span> <span class='ocrx_word' id='word_1_213' title='bbox 475 3074 552 3136; x_wconf 88' lang='lat' dir='ltr'><strong>Ut</strong></span> <span class='ocrx_word' id='word_1_214' title='bbox 593 3077 707 3135; x_wconf 88' lang='lat' dir='ltr'><strong>ruit</strong></span> <span class='ocrx_word' id='word_1_215' title='bbox 747 3085 922 3155; x_wconf 84' lang='lat' dir='ltr'><strong>atque</strong></span> <span class='ocrx_word' id='word_1_216' title='bbox 964 3091 1211 3155; x_wconf 86' lang='lat' dir='ltr'><strong>aequum</strong></span> <span class='ocrx_word' id='word_1_217' title='bbox 1252 3076 1517 3138; x_wconf 75' lang='lat' dir='ltr'><strong>submisit</strong></span> <span class='ocrx_word' id='word_1_218' title='bbox 1558 3076 1765 3154; x_wconf 72' lang='lat' dir='ltr'><strong>regula</strong></span> <span class='ocrx_word' id='word_1_219' title='bbox 1803 3076 1999 3151; x_wconf 78' lang='lat' dir='ltr'><strong>limen,</strong></span> 
     </span>
     <span class='ocr_line' id='line_1_36' title="bbox 350 3159 1884 3242; baseline -0.001 -21"><span class='ocrx_word' id='word_1_220' title='bbox 350 3159 706 3239; x_wconf 90' lang='lat' dir='ltr'><strong>Corripuere</strong></span> <span class='ocrx_word' id='word_1_221' title='bbox 750 3161 918 3222; x_wconf 84' lang='lat' dir='ltr'><strong>leves</strong></span> <span class='ocrx_word' id='word_1_222' title='bbox 959 3163 1236 3241; x_wconf 80' lang='lat' dir='ltr'><strong>spatium,</strong></span> <span class='ocrx_word' id='word_1_223' title='bbox 1285 3171 1639 3242; x_wconf 73' lang='lat' dir='ltr'><strong>campoque</strong></span> <span class='ocrx_word' id='word_1_224' title='bbox 1632 3160 1884 3224; x_wconf 82' lang='lat' dir='ltr'><strong>refulsit</strong></span> 
     </span>
     <span class='ocr_line' id='line_1_37' title="bbox 346 3243 2034 3315; baseline 0 -10"><span class='ocrx_word' id='word_1_225' title='bbox 346 3243 512 3306; x_wconf 89' lang='lat' dir='ltr'><strong>Nuda</strong></span> <span class='ocrx_word' id='word_1_226' title='bbox 558 3244 805 3315; x_wconf 87' lang='lat' dir='ltr'><strong>cohors;</strong></span> <span class='ocrx_word' id='word_1_227' title='bbox 845 3246 1121 3307; x_wconf 77' lang='lat' dir='ltr'><strong>volucres</strong></span> <span class='ocrx_word' id='word_1_228' title='bbox 1163 3247 1370 3309; x_wconf 85' lang='lat' dir='ltr'><strong>iisdem</strong></span> <span class='ocrx_word' id='word_1_229' title='bbox 1407 3247 1581 3308; x_wconf 80' lang='lat' dir='ltr'><strong>modo</strong></span> <span class='ocrx_word' id='word_1_230' title='bbox 1624 3245 1841 3308; x_wconf 84' lang='lat' dir='ltr'><strong>tardius</strong></span> <span class='ocrx_word' id='word_1_231' title='bbox 1876 3244 2034 3306; x_wconf 85' lang='lat' dir='ltr'><strong>arvis</strong></span> 
     </span>
     <span class='ocr_line' id='line_1_38' title="bbox 346 3327 1891 3412; baseline 0.003 -25"><span class='ocrx_word' id='word_1_232' title='bbox 346 3327 474 3388; x_wconf 89' lang='lat' dir='ltr'><strong>Isse</strong></span> <span class='ocrx_word' id='word_1_233' title='bbox 516 3329 784 3390; x_wconf 77' lang='lat' dir='ltr'><strong>videntur</strong></span> <span class='ocrx_word' id='word_1_234' title='bbox 819 3332 992 3410; x_wconf 84' lang='lat' dir='ltr'><strong>equi:</strong></span> <span class='ocrx_word' id='word_1_235' title='bbox 1037 3330 1244 3394; x_wconf 85' lang='lat' dir='ltr'><strong>credas</strong></span> <span class='ocrx_word' id='word_1_236' title='bbox 1287 3349 1324 3392; x_wconf 90' lang='lat' dir='ltr'><strong>e</strong></span> <span class='ocrx_word' id='word_1_237' title='bbox 1366 3330 1547 3410; x_wconf 70' lang='lat' dir='ltr'><strong>plebe</strong></span> <span class='ocrx_word' id='word_1_238' title='bbox 1568 3329 1891 3412; x_wconf 69' lang='lat' dir='ltr'><strong>Cydonum</strong></span> 
     </span>
    </p>
   </div>
   <div class='ocr_carea' id='block_1_7' title="bbox 344 3371 2193 3494">
    <p class='ocr_par' dir='ltr' id='par_1_7' title="bbox 344 3371 2193 3494">
     <span class='ocr_line' id='line_1_39' title="bbox 344 3371 2193 3494; baseline 0.001 -23"><span class='ocrx_word' id='word_1_239' title='bbox 344 3410 803 3494; x_wconf 85' lang='lat' dir='ltr'><strong>Parthorumque</strong></span> <span class='ocrx_word' id='word_1_240' title='bbox 845 3415 987 3494; x_wconf 83' lang='lat' dir='ltr'><strong>fuga</strong></span> <span class='ocrx_word' id='word_1_241' title='bbox 1023 3415 1297 3477; x_wconf 74' lang='lat' dir='ltr'><strong>totidem</strong></span> <span class='ocrx_word' id='word_1_242' title='bbox 1311 3415 1591 3478; x_wconf 70' lang='lat' dir='ltr'><strong>exiluisse</strong></span> <span class='ocrx_word' id='word_1_243' title='bbox 1634 3416 1895 3493; x_wconf 81' lang='lat' dir='ltr'><strong>sagittas.</strong></span> <span class='ocrx_word' id='word_1_244' title='bbox 1944 3449 1965 3474; x_wconf 86' lang='lat'><strong>.·</strong></span> <span class='ocrx_word' id='word_1_245' title='bbox 2188 3371 2193 3380; x_wconf 40' lang='grc' dir='ltr'>Ι</span> 
     </span>
    </p>
   </div>
   <div class='ocr_carea' id='block_1_8' title="bbox 2252 295 2367 353">
    <p class='ocr_par' dir='ltr' id='par_1_8' title="bbox 2252 295 2367 353">
     <span class='ocr_line' id='line_1_40' title="bbox 2252 295 2367 353; baseline 0 0"><span class='ocrx_word' id='word_1_246' title='bbox 2252 295 2367 353; x_wconf 74' lang='lat'><strong>560</strong></span> 
     </span>
    </p>
   </div>
   <div class='ocr_carea' id='block_1_9' title="bbox 2252 715 2361 773">
    <p class='ocr_par' dir='ltr' id='par_1_9' title="bbox 2252 715 2361 773">
     <span class='ocr_line' id='line_1_41' title="bbox 2252 715 2361 773; baseline -0.028 0"><span class='ocrx_word' id='word_1_247' title='bbox 2252 715 2361 773; x_wconf 76' lang='lat'><strong>565</strong></span> 
     </span>
    </p>
   </div>
   <div class='ocr_carea' id='block_1_10' title="bbox 2250 1137 2362 1193">
    <p class='ocr_par' dir='ltr' id='par_1_10' title="bbox 2250 1137 2362 1193">
     <span class='ocr_line' id='line_1_42' title="bbox 2250 1137 2362 1193; baseline 0 -1"><span class='ocrx_word' id='word_1_248' title='bbox 2250 1137 2362 1193; x_wconf 72' lang='lat'><strong>570</strong></span> 
     </span>
    </p>
   </div>
   <div class='ocr_carea' id='block_1_11' title="bbox 2249 1559 2485 1616">
    <p class='ocr_par' dir='ltr' id='par_1_11' title="bbox 2249 1559 2485 1616">
     <span class='ocr_line' id='line_1_43' title="bbox 2249 1559 2485 1616; baseline -0.008 0"><span class='ocrx_word' id='word_1_249' title='bbox 2249 1560 2355 1616; x_wconf 76' lang='lat'><strong>575</strong></span> <span class='ocrx_word' id='word_1_250' title='bbox 2483 1559 2485 1574; x_wconf 56' lang='lat'>¹</span> 
     </span>
    </p>
   </div>
   <div class='ocr_carea' id='block_1_12' title="bbox 2247 2405 2349 2460">
    <p class='ocr_par' dir='ltr' id='par_1_12' title="bbox 2247 2405 2349 2460">
     <span class='ocr_line' id='line_1_44' title="bbox 2247 2405 2349 2460; baseline 0 0"><span class='ocrx_word' id='word_1_251' title='bbox 2247 2405 2349 2460; x_wconf 80' lang='lat'><strong>585</strong></span> 
     </span>
    </p>
   </div>
   <div class='ocr_carea' id='block_1_13' title="bbox 2248 2827 2477 2892">
    <p class='ocr_par' dir='ltr' id='par_1_13' title="bbox 2248 2827 2477 2892">
     <span class='ocr_line' id='line_1_45' title="bbox 2248 2827 2477 2892; baseline 0.004 -9"><span class='ocrx_word' id='word_1_252' title='bbox 2248 2827 2348 2884; x_wconf 80' lang='lat'><strong>590</strong></span> <span class='ocrx_word' id='word_1_253' title='bbox 2476 2889 2477 2892; x_wconf 44' lang='lat'>,</span> 
     </span>
    </p>
   </div>
   <div class='ocr_carea' id='block_1_14' title="bbox 2472 3075 2477 3834">
    <p class='ocr_par' dir='ltr' id='par_1_14' title="bbox 2472 3075 2477 3834">
     <span class='ocr_line' id='line_1_46' title="bbox 2472 3075 2477 3834; baseline 0 0"><span class='ocrx_word' id='word_1_254' title='bbox 2472 3075 2477 3834; x_wconf 95' lang='lat' dir='ltr'><strong> </strong></span> 
     </span>
    </p>
   </div>
  </div>
 </body>
</html>
