2517 3909
800 161 1196 214 mammos
1241 165 1380 213 Lm.
1423 164 1519 212 nr.
2065 148 2145 212 85

164 318 590 400 Quinquaginta
630 318 759 382 illi?
800 323 993 382 cernis
1035 315 1501 402 Chthoniumque
1548 318 1935 401 Chrominque

159 405 515 484 Phegeaque
557 415 617 467 et
656 414 855 468 nostra
899 408 1268 487 praesignem
1308 405 1552 467 Maeona
1593 406 1777 465 lauro.
1872 423 1877 430 ⁴
1974 443 1977 448 -

160 488 254 550 Ne
295 491 551 567 saevite,
592 492 809 567 duoeS,
850 489 990 553 nihil
1031 492 1126 552 hio
1161 491 1498 552 mortalibus
1539 505 1737 550 ausum
1848 485 1853 492 ’
2030 551 2033 554 .

164 572 401 635 Credite
442 576 733 636 consiliis:
771 575 884 636 hos
926 575 1120 636 ferrea
1162 585 1406 636 neverat
1446 591 1627 635 annos
2045 583 2150 639 600

158 658 443 738 Atropos.
517 658 739 720 Existis
783 678 983 722 casus:
1029 661 1187 721 bella
1230 658 1463 722 horrida
1507 659 1696 733 nobis,

157 743 357 823 Atque
404 745 609 804 iterum
646 744 924 821 TydeuS.'
1005 744 1197 821 Dixit,
1240 748 1498 824 vittaque
1539 744 1735 821 ligatis

157 826 484 889 Frondibus
526 830 805 890 instantes
847 828 1028 908 abigit
1064 840 1461 909 monstratque
1499 845 1786 890 eruorem.

286 913 489 974 Stabat
528 915 697 994 inops
737 916 1007 975 comitum
1052 914 1261 991 Cocyti
1303 917 1361 974 in
1403 915 1575 976 litore
1614 920 1842 980 moesto

156 996 361 1074 Laius,
404 999 583 1059 inmiti
628 1017 799 1079 quem
837 1001 949 1060 iam
993 1000 1136 1060 deus
1179 1001 1305 1061 ales
1348 1000 1586 1060 Averno
2019 1003 2147 1060 '605

155 1081 548 1160 Reddiderat,
590 1081 891 1164 dirumque
925 1092 1094 1145 tuens
1134 1084 1370 1163 obliqua
1407 1093 1703 1165 nepotem,

157 1166 368 1228 Noscit
409 1167 555 1228 enim
596 1169 791 1246 vultu,
837 1186 951 1229 non
992 1170 1094 1230 ille
1127 1179 1224 1230 aut
1267 1169 1561 1247 sanguinis
1600 1164 1837 1227 haustus

156 1249 379 1313 Cetera
420 1270 529 1313 eeu
571 1252 816 1333 plebeS,
860 1254 1105 1315 aliumve
1146 1254 1375 1314 aceedit
1417 1252 1487 1313 ad
1531 1250 1794 1327 imbrem,

152 1335 469 1398 Inmortale
514 1337 704 1398 odium
747 1340 991 1418 spirans.
1076 1339 1194 1400 Sed
1235 1338 1472 1419 prolicit
1498 1336 1663 1397 ultro

154 1421 383 1482 Aonius
425 1431 620 1482 vates:
666 1422 914 1499 ‘Tyriae
956 1422 1072 1483 dux
1109 1423 1307 1484 inclite
1350 1421 1608 1497 Thebes,
2038 1429 2148 1485 610

156 1504 340 1567 Cuius
379 1505 454 1566 ab
497 1506 724 1567 interitu
768 1525 883 1568 non
923 1507 1041 1569 ulla
1084 1505 1425 1589 Amphionis
1468 1521 1637 1567 arces

150 1590 316 1652 Vidit
355 1590 536 1652 amica
575 1591 721 1652 dies.
813 1591 862 1652 Ο
902 1592 1012 1652 iam
1053 1593 1191 1653 satis
1232 1593 1353 1652 ulte
1398 1598 1694 1651 cruentum

151 1673 410 1736 Exitium
456 1684 514 1735 et
557 1676 792 1738 multum
835 1676 1065 1756 placata
1105 1675 1421 1736 minoribus
1452 1674 1673 1750 umbra,

151 1759 322 1835 Quos
363 1759 689 1821 miserande
733 1758 930 1839 fugis?
1006 1759 1166 1820 Iaeet
1200 1761 1302 1820 ille
1345 1761 1404 1818 in
1445 1759 1651 1820 funere
1694 1759 1873 1834 longo

151 1843 346 1919 Quem
380 1847 631 1924 premis,
678 1853 738 1906 et
777 1847 1005 1905 iunctae
1049 1845 1222 1906 sentit
1264 1844 1510 1905 confinia
1549 1843 1772 1921 mortiS,
2038 1852 2145 1908 615

152 1926 394 1990 Obsitus
438 1929 750 1991 exhaustos
790 1930 1013 2010 pedore
1057 1938 1116 1991 et
1158 1930 1438 2009 sanguine
1480 1928 1673 1989 vultus

151 2010 515 2093 Eiectusque
559 2014 673 2075 die.
757 2016 900 2076 Sors
941 2014 1064 2074 leto
1110 2014 1309 2076 durior
1350 2011 1522 2091 omni,

153 2096 354 2159 Crede
396 2098 561 2158 mihi:
608 2116 888 2177 quaenam
930 2100 1251 2160 inmeritum
1284 2100 1472 2160 vitare
1511 2105 1787 2178 nepotem

153 2180 350 2244 Causa
395 2179 542 2244 tibi?
584 2183 787 2244 eonfer
827 2184 1077 2261 vultum,
1119 2192 1180 2244 et
1215 2184 1431 2252 satiare
1473 2183 1656 2243 litanti

152 2267 487 2347 Sanguine,
528 2261 916 2348 venturasque
963 2270 1127 2330 vices
1170 2277 1229 2328 et
1274 2268 1478 2329 funera
1517 2266 1662 2327 belli
2039 2274 2148 2330 620

149 2352 352 2415 Pande
393 2351 492 2413 vel
533 2352 822 2432 infensuS,
863 2353 964 2414 vel
1005 2372 1105 2414 res
1144 2354 1418 2413 miserate
1454 2360 1698 2412 tuorum.

152 2437 320 2499 Tune
356 2454 471 2516 ego
508 2445 567 2497 te
612 2447 808 2518 optata
854 2439 1089 2499 vetitam
1129 2438 1516 2499 transmittere
1559 2435 1780 2497 Lethen

149 2522 360 2603 Puppe
404 2521 552 2582 dabo
595 2522 999 2602 placidumque
1041 2523 1137 2603 pia
1176 2522 1389 2582 tellure
1429 2537 1731 2601 reponam,

149 2606 231 2669 Et
273 2606 491 2684 Stygiis
533 2605 814 2667 mandabo
859 2607 1004 2668 deis.
1009 2609 1030 2640 '
1106 2606 1395 2666 Muleetur
1435 2602 1677 2665 honoris

149 2690 489 2754 Muneribus
534 2690 814 2770 tingitque
857 2707 1076 2769 genna,
1116 2690 1328 2752 dehine
1369 2690 1506 2750 talia
1545 2687 1763 2750 reddit.
2037 2700 2145 2756 625

288 2773 442 2836 ‘Cur
482 2775 585 2836 tibi
629 2777 884 2835 versanti
924 2792 1156 2852 manes,
1200 2790 1500 2856 aequaeve
1542 2773 1844 2853 sacerdoS,

148 2862 366 2925 Lectus
413 2877 526 2939 ego
569 2860 846 2938 augurio,
888 2861 1177 2940 tantisque
1219 2860 1557 2939 potissimus
1597 2857 1827 2920 umbris-

152 2947 270 3023 Qui
306 2954 547 3006 ventura
587 2941 835 3023 loquar?
882 2945 1021 3004 satis
1066 2953 1158 3004 est
1192 2944 1521 3004 meminisse
1566 2944 1839 3023 priorum.

152 3031 447 3093 Nostrane
485 3029 776 3109 praeclari
790 3053 816 3105 ,·
853 3028 1098 3109 pudeat,
1146 3028 1411 3089 consulta
1453 3038 1701 3108 nepotes

153 3111 450 3178 Poseitis?
518 3113 719 3190 Illum,
763 3113 920 3173 illum
964 3114 1148 3174 saeris
1190 3112 1462 3174 adhibete
1512 3113 1775 3189 nefastis,
1970 3115 1973 3122 ’
2036 3120 2142 3177 630

157 3199 271 3274 Qui
313 3199 471 3260 laeto
517 3197 663 3260 fodit
704 3215 844 3259 ense
888 3206 1145 3278 patrem,
1190 3197 1289 3278 qui
1326 3206 1510 3257 semet
1554 3199 1611 3256 in
1648 3207 1811 3258 ortus

152 3284 346 3346 Vertit
389 3292 448 3344 et
490 3282 757 3360 indignae
793 3284 1016 3362 regerit
1060 3295 1163 3343 sua
1205 3283 1452 3364 pignora
1492 3283 1678 3342 matri.

154 3367 231 3430 Et
267 3387 420 3429 nuno
458 3366 561 3429 ille
597 3368 744 3428 deos
786 3367 1176 3447 furiarumque
1220 3376 1357 3427 atra
1386 3366 1592 3444 fatigat

158 3451 452 3532 Concilia,
496 3461 555 3514 et
589 3461 823 3520 nostros
867 3461 1039 3532 rogat
1076 3452 1226 3514 haee
1268 3452 1325 3512 in
1368 3451 1597 3531 proelia
1639 3464 1855 3538 manes.
