2517 3909
906 156 1305 207 mannos
1347 158 1490 207 Lm.
1532 160 1630 208 lx.
2148 146 2268 211 189

255 312 700 395 Hippomedon,
743 313 950 375 ‘turbat
989 313 1223 375 Danaos
1262 315 1523 394 Asopius
1560 312 1855 393 Hypseus,

260 401 468 460 Amnis
512 408 815 479 utrumque
856 400 1051 476 timet,
1112 417 1316 460 crasso
1359 398 1507 460 vada
1548 407 1726 459 mutat
1766 408 2012 480 uterque

266 486 595 562 Sanguine,
644 493 702 543 et
745 503 779 544 e
823 483 996 544 fluvio
1043 485 1231 544 neutri
1275 483 1453 545 fatale
1491 485 1730 544 reverti.

394 569 513 630 Iam
553 569 736 629 laceri
776 570 977 647 pronis
1014 568 1328 629 volvuntur
1368 568 1636 629 cursibus
1674 578 1832 629 artus

268 654 539 733 Oraque,
586 662 647 714 et
685 652 952 714 abscisae
994 654 1241 713 redeunt
1280 655 1339 713 in
1379 662 1624 732 pectora
1666 653 1928 714 dextrae.
2164 665 2270 720 260

199 732 206 737 ’
267 738 511 819 Spicula
553 740 663 799 iam
709 738 1055 818 clipeosque
1098 738 1266 799 leves
1309 755 1598 817 arcusque
1636 731 1915 799 remissos

263 823 434 885 Unda
474 824 669 899 vehit,
716 823 1040 902 galeasque
1077 832 1276 883 vetant
1313 823 1681 884 descendere
1724 825 1955 885 cristae.

267 909 503 969 Summa
543 910 711 985 vagis
754 907 871 969 late
916 917 1246 967 sternuntur
1284 907 1512 969 flumina
1551 908 1709 983 telis,

263 992 388 1054 Ima
428 994 600 1061 viris3
639 993 761 1053 illic
804 992 1091 1053 luctantur
1134 1009 1387 1072 corpora
1428 992 1572 1069 leto,

264 1076 672 1156 Efflantesque
714 1076 930 1137 animas
972 1086 1132 1137 retro
1178 1080 1387 1157 premit
1426 1076 1632 1138 obvius
1675 1080 1875 1139 amnis.
2165 1090 2267 1146 265

396 1161 751 1222 Flumineam
791 1163 1060 1241 rapiente
1100 1162 1252 1223 vado
1298 1181 1447 1241 puer
1479 1162 1696 1240 Agrius
1737 1163 1952 1225 ulmum

269 1246 619 1325 Prenderat‚
668 1249 929 1324 insignes
971 1245 1246 1307 humeros
1295 1246 1456 1307 ferus
1500 1266 1643 1308 ense
1683 1246 2040 1310 Menoeceus

268 1331 575 1411 Amputat;
621 1330 723 1391 ille
769 1332 1016 1407 cadens,
1063 1332 1317 1392 nondum
1361 1333 1660 1393 conamine
1704 1332 1996 1413 adempto,

271 1417 535 1478 Truncus
578 1417 636 1475 in
680 1416 938 1476 excelsis
979 1425 1207 1495 spectat
1249 1434 1355 1476 sua
1397 1416 1636 1478 brachia
1676 1419 1870 1478 ramis.

266 1501 543 1580 Hypseos
580 1500 746 1560 hasta
788 1501 985 1578 Sagen
1030 1501 1249 1578 ingenti
1290 1500 1535 1562 vulnere
1579 1502 1798 1577 mersit,
2165 1513 2271 1571 270

269 1584 383 1647 Ille
424 1594 617 1645 manet
655 1585 865 1662 fundo,
912 1584 1084 1645 rediit
1126 1603 1235 1664 pro
1281 1602 1535 1665 corpore
1579 1587 1833 1664 sanguis.

397 1669 650 1730 Desiluit
690 1671 833 1749 ripis
877 1669 1111 1729 fratrem
1149 1677 1418 1749 rapturus
1455 1669 1700 1748 Agenor

270 1754 435 1816 Heu!
481 1757 657 1816 miser
700 1763 760 1814 et
799 1756 1013 1830 tenuit,
1060 1755 1170 1815 sed
1211 1754 1444 1814 saucius
1486 1753 1587 1814 ille
1631 1754 1924 1816 levantem

271 1838 571 1917 Degravat
613 1838 913 1918 amplexu;
957 1847 1190 1918 poterat
1229 1838 1525 1899 resolutus
1564 1838 1809 1916 Agenor

273 1923 604 1985 Emersisse
646 1924 843 1999 vadiS,
886 1924 1088 2002 puduit
1129 1924 1255 1984 sine
1300 1922 1478 1984 fratre
1520 1924 1760 1983 reverti.
2167 1933 2271 1990 275

404 2009 751 2087 Surgentem
795 2008 1000 2069 dextra
1043 2006 1348 2069 Chaletum
1391 2008 1714 2086 vulnusque
1756 2010 2063 2070 minantem

273 2092 572 2154 Sorbebat
611 2092 848 2171 rapidus
890 2093 1104 2154 nodato
1147 2095 1381 2171 gurgite
1419 2102 1658 2162 vortex;

272 2176 397 2239 Iam
436 2178 628 2253 vultu,
677 2179 787 2237 iam
831 2179 991 2238 crine
1035 2178 1210 2255 latet,
1254 2180 1367 2238 iam
1406 2178 1648 2239 dextera
1684 2196 1985 2258 nusquam,

276 2262 525 2323 Ultimus
568 2262 841 2341 abruptas
885 2264 1042 2322 ensis
1083 2262 1386 2324 descendit
1426 2264 1484 2322 in
1529 2262 1730 2322 undas.
2016 2300 2021 2307 -

275 2344 444 2407 Mille
486 2348 675 2408 modis
717 2347 819 2407 leti
861 2348 1111 2407 miseros
1149 2365 1308 2408 mors
1351 2366 1462 2408 una
1503 2348 1727 2425 fatigat.
2172 2361 2278 2415 280

276 2430 464 2492 Induit
503 2450 536 2492 a
577 2442 748 2509 tergo
792 2430 1106 2508 Mycalesia
1149 2434 1348 2511 cuspis
1385 2433 1683 2510 Agyrtem

278 2515 599 2595 Respexit,
642 2534 922 2596 nusquam
963 2527 1166 2577 auctor
1214 2527 1372 2594 erat,
1419 2517 1528 2578 sed
1572 2515 1800 2577 concita
1842 2525 2030 2578 tractu

280 2600 537 2677 Gurgitis
580 2601 865 2679 effugiens
911 2602 1211 2662 invenerat
1252 2602 1419 2663 hasta
1463 2617 1750 2661 cruorem.

407 2683 630 2764 Figitur
667 2694 725 2745 et
767 2686 993 2746 validos
1034 2688 1273 2766 sonipes
1310 2686 1560 2747 Aetolus
1604 2686 1662 2745 in
1703 2703 1917 2764 armoS,

277 2767 617 2850 Exiluitqne
657 2770 777 2830 alte
817 2772 876 2830 vi
917 2771 1117 2833 mortis
1162 2780 1221 2831 et
1258 2790 1396 2832 aera
1437 2769 1698 2850 pendens
2177 2782 2280 2837 285

276 2853 602 2923 Verberat;
652 2855 801 2917 haud
844 2863 1036 2916 tamen
1075 2865 1166 2916 est
1208 2855 1470 2916 turbatus
1512 2855 1742 2916 flumine
1784 2855 2010 2931 ductor,

280 2937 405 2999 Sed
442 2940 748 2999 miseratur
793 2956 1034 3017 equum,
1078 2957 1410 3020 magnoque
1451 2959 1486 3000 e
1528 2941 1770 3001 vulnere
1811 2941 1991 3001 telum

278 3021 460 3084 Exuit
500 3025 629 3103 ipse
671 3042 917 3101 gemens
961 3034 1021 3084 et
1070 3034 1282 3103 sponte
1327 3025 1546 3086 remisit
1587 3024 1865 3086 habenas.

283 3106 427 3168 Inde
465 3108 652 3187 pedes
696 3110 910 3186 repetit
951 3127 1176 3188 pugnas
1218 3126 1548 3186 gressuque
1591 3127 1877 3188 manuque

286 3190 555 3269 Certior,
600 3203 660 3253 et
706 3211 948 3270 segnem
984 3192 1249 3254 Nomium
1288 3193 1616 3273 fortemque
1659 3192 1930 3254 Mimanta
2179 3202 2286 3259 290

285 3274 741 3356 Thebaeumque
782 3277 996 3338 Lichan
1036 3276 1580 3357 Anthedoniumque
1623 3276 1897 3353 Lycetum

286 3357 599 3423 Continuat
640 3362 798 3423 ferro
836 3363 1200 3441 geminisque
1241 3381 1277 3423 e
1323 3363 1598 3423 fratribus
1641 3380 1813 3421 unum

285 3443 689 3527 Thespiaden3
736 3445 940 3508 eadem
982 3448 1250 3528 poscenti
1290 3448 1408 3509 fata
1448 3446 1729 3507 Panemo:
1769 3468 1774 3472 ·
