2517 3909
182 155 266 219 10
865 155 928 209 P.
965 153 1243 209 PAPINII
1282 152 1527 208 STATII

177 299 296 365 Vis
342 299 587 364 festina
630 301 823 382 parat
866 302 1256 384 tenerosque
1304 297 1676 382 supervenit
1722 319 1945 363 annos.

180 388 357 455 Olim
404 391 469 453 et
513 388 682 452 ferre
729 388 939 452 minas
991 387 1306 472 avideque
1354 386 1572 452 audire
1620 387 1879 453 solebat

174 478 461 561 Imperia
503 480 569 542 et
605 477 851 542 nostris
889 477 1115 560 procul
1151 476 1313 542 haut
1350 476 1674 542 discedere
1713 476 1794 540 ab
1825 476 2061 541 antris:
2113 492 2220 542 150

182 566 377 633 Nunc
422 566 610 631 illum
657 587 793 631 non
838 564 1005 631 Ossa
1051 565 1245 649 capit,
1291 587 1425 630 non
1469 565 1696 630 Pelion
1740 565 1971 649 ingens

176 655 559 742 Pharsalive
603 654 805 720 nives.
878 654 1015 738 Ipsi
1064 653 1225 718 mihi
1274 676 1466 739 saepe
1516 657 1876 738 queruntur

181 742 490 810 Centauri
536 746 889 828 raptasque
937 743 1163 809 domos
1213 743 1674 827 abstractaque
1720 764 1940 808 coram

176 834 494 898 Armenta
538 836 604 897 et
650 835 855 897 semet
898 832 1146 916 campis
1191 832 1537 917 fluviisque
1583 832 1830 918 fugari:

181 922 592 1006 Insidiasque
640 925 706 987 et
749 922 926 987 bella
970 926 1207 1005 parant
1252 922 1625 1006 tumideque
1672 921 2021 986 minantur.
2116 936 2222 987 155

177 1010 353 1076 Olim
400 1010 697 1096 equidem
743 1010 1004 1095 Argoos
1051 1010 1242 1094 pinus
1292 1032 1441 1075 cum
1486 1010 1801 1076 Thessala
1846 1030 2032 1096 reges

176 1100 322 1165 Hac
369 1100 661 1184 veheret,
706 1100 1005 1164 iuvenem
1049 1098 1331 1164 Alciden
1378 1102 1444 1164 et
1490 1098 1743 1166 Thesea
1789 1098 1921 1163 vidi
1970 1135 2054 1145 —

179 1187 305 1254 Sed
349 1187 576 1254 taceo?
667 1188 846 1273 Figit
892 1188 1139 1273 gelidus
1185 1186 1472 1253 Nereida
1514 1188 1744 1272 pallor.

264 1277 385 1342 Ille
432 1277 661 1342 aderat
704 1277 914 1342 multo
962 1277 1193 1342 sudore
1240 1281 1308 1342 et
1351 1278 1616 1360 pulvere
1662 1276 1887 1361 maior,

176 1368 265 1433 Et
311 1370 531 1432 tamen
576 1388 759 1430 arma
803 1366 972 1430 inter
1014 1366 1486 1450 festinatosque
1530 1367 1790 1432 labores
2104 1382 2210 1431 160

175 1455 403 1521 Dulcis
452 1454 662 1521 adhuc
709 1454 880 1520 visu:
925 1454 1118 1521 niveo
1165 1459 1356 1520 natat
1401 1455 1575 1540 ignis
1623 1455 1692 1519 in
1739 1477 1848 1520 ore

178 1545 551 1629 Purpureus
597 1541 930 1629 fulvoque
953 1545 1124 1609 nitet
1170 1566 1358 1609 coma
1402 1544 1652 1630 gratior
1699 1566 1877 1610 auro,

176 1632 473 1699 Necdum
518 1633 733 1717 prima
778 1654 949 1698 nova
994 1632 1305 1717 lanugine
1352 1633 1629 1698 vertitur
1675 1635 1874 1716 aetas,

178 1722 727 1807 Tranquillaeque
772 1722 948 1787 faces
996 1722 1204 1787 oculis
1254 1725 1321 1786 et
1364 1722 1649 1806 plurima
1694 1721 1881 1786 vultu

177 1811 391 1877 Mater
436 1812 639 1877 inest:
688 1811 899 1896 qualis
945 1810 1148 1894 Lycia
1194 1814 1470 1876 venator
1514 1809 1756 1894 Apollo
2108 1826 2217 1876 165

179 1898 345 1966 Cum
390 1900 561 1968 redit
607 1904 674 1965 et
721 1900 933 1966 saevis
979 1902 1311 1983 permutat
1354 1900 1604 1983 plectra
1648 1897 1993 1983 pharetris,

176 1988 371 2055 Forte
419 1992 484 2054 et
528 1990 741 2054 laetus
790 1989 975 2054 adest
1028 1988 1095 2072 (o
1142 1991 1460 2073 quantum
1507 1988 1744 2074 gaudia
1788 1987 2037 2052 formae

178 2077 492 2144 Adiciunt
508 2076 582 2165 !):
629 2079 832 2143 fetam
879 2077 1159 2142 Pholoes
1210 2078 1331 2143 sub
1377 2098 1537 2160 rupe
1581 2077 1876 2142 leaenam

182 2167 557 2233 Perculerat
600 2168 771 2233 ferro
818 2167 1168 2250 vacuisque
1213 2167 1569 2251 reliquerat
1615 2165 1820 2231 antris

176 2256 424 2341 Ipsam,
472 2255 585 2321 sed
606 2319 610 2324 ,
631 2256 879 2320 catulos
926 2258 1236 2341 apportat
1283 2260 1348 2320 et
1392 2255 1628 2320 incitat
1676 2275 1946 2340 ungues.
2111 2270 2220 2320 170

186 2343 360 2420 Quos
406 2349 649 2428 tamen,
695 2348 772 2409 ut
813 2344 941 2409 fido
990 2344 1289 2429 genetrix
1334 2344 1406 2409 in
1452 2344 1680 2410 limine
1726 2343 1868 2408 visa
1914 2345 2031 2427 est,

322 2526 423 2574 148
467 2515 775 2589 tenuesque
814 2522 959 2585 Ape
1004 2486 1316 2588 tenuosque
1352 2526 1402 2585 t;
1458 2519 1553 2573 sed
1589 2518 1658 2585 cf.
1696 2517 1858 2585 infra
1903 2534 1953 2573 v.
1982 2520 2095 2574 478
2133 2518 2226 2572 II

177 2594 252 2646 96
276 2592 457 2658 (382).
528 2590 737 2644 tenues
786 2590 947 2645 anni’
1002 2591 1214 2644 senium
1275 2589 1598 2660 siqnificant
1665 2588 1829 2643 Theb.
1897 2588 2004 2642 IV
2058 2592 2170 2645 512
2199 2589 2219 2661 ΙΙ

179 2667 280 2716 149
304 2660 452 2716 Olim
470 2662 530 2716 et
554 2660 702 2716 ferre
722 2660 839 2713 (ΡΙ.
862 2660 1011 2716 Olim
1029 2659 1196 2716 effere
1215 2665 1256 2712 P
1297 2659 1446 2715 Olim
1465 2660 1610 2715 ferre
1629 2664 1686 2712 Π
1702 2659 1709 2732 Ι
1724 2659 2000 2729 avideque
2020 2659 2220 2715 audire

176 2740 217 2787 P
244 2735 306 2787 et
331 2731 487 2786 obire
524 2731 720 2787 audita
755 2733 960 2801 ceteriu
992 2737 1093 2787 150
1130 2732 1400 2787 decedere
1427 2731 1802 2786 Baehrensius
1842 2732 1863 2801 Ι]
1901 2736 2003 2785 152
2042 2731 2222 2786 Phar-

179 2802 425 2858 saliaeve
463 2808 504 2855 P
551 2801 950 2858 Thessaliaeve
1010 2805 1172 2859 ceteri
1217 2802 1649 2886 Thessalicaeve
1696 2803 1815 2857 edd.
1860 2807 1984 2857 vett.
2040 2802 2220 2857 Phar-

179 2874 353 2929 salive
391 2890 529 2930 corr.
567 2874 989 2957 Baehrensiusss
1019 2879 1121 2929 154
1168 2876 1345 2929 semet-
1384 2873 1598 2957 campis
1635 2878 1747 2929 An
1785 2873 1998 2943 campis
2035 2875 2222 2929 semet

176 2946 296 3000 edd.
334 2947 354 3015 ΙΙ
393 2950 494 3000 155
540 2944 887 3014 Insidiasque
924 2950 971 2998 A
1008 2945 1244 3000 Insidias
1280 2950 1337 2998 Π
1381 2946 1390 3014 Ι
1438 2944 1766 3014 tumideque
1802 2950 1843 2997 P
1895 2943 2219 3014 tumidique

177 3019 340 3072 ceteri
392 3016 690 3085 timidique
748 3016 952 3074 Venett.
992 3016 1229 3072 Gronov.
1258 3018 1279 3087 ΙΙ
1308 3021 1411 3072 156
1450 3033 1648 3100 argeos
1685 3024 1711 3069 t
1746 3015 2042 3086 Argolicos
2080 3015 2215 3071 Nic.

177 3088 451 3150 Heinsius
485 3087 729 3158 Argivos
765 3088 1189 3157 Baehrensiusss
1226 3092 1327 3142 157
1366 3103 1554 3143 versus
1590 3089 1655 3143 in
1691 3092 1732 3139 P
1768 3091 2026 3142 contextu
2054 3088 2219 3142 omis-

177 3175 290 3226 sus,
326 3160 420 3215 sed
455 3159 639 3213 eadem
673 3176 848 3215 manu
882 3161 998 3214 ima
1018 3160 1236 3229 pay-ina
1265 3160 1492 3215 additus
1516 3158 1564 3231 Ι
1547 3175 1779 3214 iuvenes
1814 3165 1840 3210 t
1857 3164 1901 3210 D
1927 3159 1948 3227 Η
1988 3163 2088 3213 158
2117 3176 2219 3229 ge-

176 3229 326 3284 lidus
370 3230 499 3301 figit
532 3230 864 3300 praecordia
897 3229 1083 3300 pallor
1120 3237 1146 3282 t
1175 3231 1196 3301 ΙΙ
1228 3235 1329 3285 160
1367 3229 1440 3284 Et
1475 3232 1666 3285 tamen
1702 3234 1813 3291 AB
1848 3227 2118 3284 Attamen
2158 3238 2184 3283 t

183 3306 281 3357 161
336 3303 504 3356 vacat
546 3319 599 3354 m
652 3303 672 3371 ΙΙ
728 3308 829 3356 162
880 3302 1195 3370 Porpureus
1246 3306 1288 3353 P
1342 3303 1362 3371 ΙΙ
1419 3306 1521 3356 166
1573 3300 1722 3355 Dum
1767 3306 1811 3352 D
1856 3301 1867 3368 Ι
1915 3300 2105 3369 plecta
2138 3305 2182 3353 Ρ

184 3378 287 3428 168
343 3372 565 3428 leonem
602 3381 628 3426 t
670 3373 691 3443 ΙΙ
734 3378 835 3428 169
872 3371 1179 3440 reliquerat
1212 3371 1400 3442 ipsam
1437 3377 1480 3425 G
1524 3374 1545 3442 ΙΙ
1591 3378 1693 3427 170
1732 3370 1952 3442 Antris,
1992 3371 2090 3427 sed
2128 3375 2173 3423 fl

179 3443 435 3521 asportat
469 3444 589 3499 edd.
618 3449 743 3499 vett.
790 3443 1032 3515 alloptat
1068 3442 1139 3495 θ’
