2517 3909
846 139 1245 191 'rur-:mmos
1283 141 1427 191 ΜΒ.
1473 141 1568 191 1v.
2115 125 2196 191 89
2206 183 2223 193 ,.

218 297 525 368 Gentibus3
568 295 912 359 arcitenens
939 315 1045 360 seu
1086 308 1146 360 te
1179 298 1416 359 Latonia
1457 297 1623 359 casto
1656 297 1659 302 ⁴

213 383 307 445 De
350 401 535 463 grege
578 385 906 444 transmisit·
931 383 1227 460 thalamis,
1272 399 1379 444 seu
1416 383 1617 463 lapsus
1660 382 1737 444 ab
1773 385 1946 445 astris
2096 366 2200 449 ‘750
2318 436 2324 442 .

214 467 347 530 Non
381 468 606 529 humilis
652 467 965 529 foecundat
1010 484 1204 546 amor,
1247 487 1440 548 neque
1479 467 1628 528 enim
1671 468 1804 550 ipse
1838 469 2079 531 deorum

211 552 485 631 Arbiter,
522 552 866 630 Argolidum
905 552 1429 630 thalamis'novus,
1474 552 1715 630 adspice
1753 562 1978 615 moesta
2009 568 2013 572 ·

211 637 477 717 Agmina.
554 635 679 697 Nos
720 637 882 698 ferro
919 638 1156 698 meritas
1198 638 1513 710 excindere
1557 636 1795 698 Thebas

213 722 382 784 Mens
424 722 583 799 tulit,
626 722 829 783 inbelli
874 723 979 790 sed
1020 737 1171 783 nunc
1209 724 1333 782 sitis
1374 721 1541 783 anxia
1584 721 1706 783 fat'o

214 806 625 887 submittitque
669 808 888 867 animos
932 814 993 868 et
1033 807 1238 867 inertia
1282 806 1497 867 robora
1543 807 1748 886 carpit.
2097 815 2200 872 755

210 890 306 952 Da
348 891 524 953 fessis
565 892 621 951 in
660 892 837 952 rebus
879 907 1085 971 opem,
1126 909 1232 952 seu
1273 890 1535 954 turbidus
1585 892 1811 968 amnis,‘

212 978 338 1037 Seu
376 975 481 1037 tibi
522 976 696 1038 foeda
735 976 932 1056 palus3
976 975 1117 1036 nihil
1158 975 1271 1036 hac
1312 977 1370 1036 in
1413 985 1573 1036 sorte
1620 974 1968 1056 pudendum,

208 1060 311 1122 Nil
354 1060 567 1122 humile
611 1070 731 1130 est:
777 1069 838 1122 tu
880 1077 1031 1122 nunc
1067 1062 1262 1121 ventis
1299 1060 1617 1141 pluvioque
1657 1061 1887 1140 rogaris

211 1146 330 1207 Pro
370 1144 542 1223 Iove,
578 1155 640 1206 tu
676 1145 914 1223 refugas
955 1146 1113 1205 vires
1151 1153 1217 1206 et
1254 1153 1497 1225 pectora
1538 1144 1700 1205 bello
1792 1173 1796 1178 ·

210 1228 549 1291 Exanimata
590 1230 788 1310 reple:
838 1231 923 1290 sic
959 1229 1076 1290 hoc
1116 1230 1218 1291 tibi
1261 1229 1458 1290 sidere
1504 1230 1714 1291 dextro
2095 1239 2219 1297 760·

214 1312 467 1375 Crescat
501 1330 664 1376 onus.
749 1313 993 1375 Tantum
1032 1314 1287 1375 reduces
1334 1315 1436 1376 det
1472 1313 1716 1374 flectere
1755 1331 1998 1393 gressus
2120 1327 2127 1334 ·

211 1398 508 1479 Iuppiter,
548 1416 592 1472 o.
626 1408 835 1479 quanta
871 1398 1014 1460 belli
1054 1399 1358 1461 donabere·
1395 1398 1642 1479 praeda!

209 1483 505 1545 Direaeos
546 1483 682 1561 tibi,
724 1484 855 1545 diva
877 1528 896 1559 ,
941 1501 1161 1561 greges
1204 1501 1615 1563 numerumque
1659 1481 1977 1561 rependam

211 1567 449 1645 Plebis,
495 1577 555 1629 et
596 1568 691 1630 hIc
732 1585 939 1645 magna
982 1568 1147 1629 lucus
1186 1568 1507 1647 signabitur
1541 1567 1660 1628 ara.
1664 1571 1688 1603 ³
1752 1595 1755 1598 ·

346 1651 535 1730 Dixit,
578 1662 638 1715 et
678 1654 898 1714 orantis
946 1652 1133 1713 media
1167 1653 1320 1713 inter
1360 1651 1649 1713 anhelitus
1689 1650 1900 1712 ardeas
2099 1660 2204 1718 765

210 1735 417 1799 Verba
453 1738 630 1817 rapit,
672 1754 961 1816 cursuque
1004 1738 1225 1797 animae
1264 1735 1420 1797 labat
1457 1736 1616 1797 arida
1659 1736 1873 1813 lingua.

210 1821 379 1884 Idem
419 1839 618 1883 omnes
657 1822 966 1902 pallorque
1007 1822 1168 1882 viros
1209 1811 1497 1901 flatusque
1542 1819 1716 1881 soluti

218 1905 354 1967 Oris
398 1905 599 1977 habet3
644 1907 834 1968 reddit
874 1906 1127 1967 demisso
1160 1905 1397 1966 Lemnia
1438 1905 1657 1966 vult'uz'

348 1990 530 2053 ‘Diva
574 1990 807 2072 quidem
838 1990 1039 2068 vobis,
1082 2000 1143 2051 et
1186 1992 1235 2050 si
1281 1990 1563 2051 coelestis
1604 1990 1775 2068 origo
1818 1999 1931 2070 est,

211 2075 383 2139 Unde
427 2073 583 2155 ego?
621 2075 897 2137 mortales
940 2076 1149 2136 utinam
1185 2075 1338 2136 haud
1377 2084 1744 2153 transgressa
1779 2074 2018 2137 fuissem
2103 2083 2206 2142 770

209 2160 520 2223 Luctibus!
611 2160 894 2222 Altricem
925 2159 1173 2221 mandati
1217 2161 1454 2220 cernitis
1495 2160 1697 2221 orbam

210 2245 514 2324 Pignoris:
560 2253 617 2306 at
656 2246 872 2306 nostris
910 2264 983 2306 an
1028 2246 1156 2324 quis
1196 2247 1355 2305 sinus
1395 2243 1695 2324 uberaque
1736 2244 1877 2344 ulla,

211 2331 343 2393 Scit
383 2330 560 2407 deus,
609 2338 669 2392 et
709 2329 882 2390 nobis
921 2347 1163 2408 regnum
1204 2339 1397 2391 tamen
1436 2338 1495 2390 et
1531 2339 1704 2409 pater
1742 2331 1969 2408 ingens.

214 2414 342 2477 Sed
382 2414 518 2495 quid
567 2431 679 2493 ego
715 2411 908 2476 haec?
953 2415 1267 2493 fessosque
1308 2416 1524 2494 optatis
1570 2413 1842 2476 demoror
1882 2410 2092 2475 undis?

210 2498 445 2562 Mecum
486 2516 598 2576 age
632 2517 815 2575 nunc,
859 2499 908 2559 si
951 2498 1105 2560 forte
1147 2499 1302 2560 vado
1336 2496 1552 2576 Langia
1591 2513 1885 2579 perennes
1934 2553 1937 2556 .
2102 2505 2205 2565 775

214 2585 431 2646 Servat
463 2602 670 2665 aquas;
707 2584 861 2645 solet
899 2592 960 2644 et
995 2583 1182 2662 rapidi
1226 2581 1333 2642 sub
1380 2582 1560 2644 limite
1605 2584 1801 2645 cancri

213 2670 501 2750 Semper,
548 2677 607 2729 et
646 2667 816 2730 Icarii
860 2670 1117 2747 quamvis
1158 2665 1293 2727 iuba
1334 2666 1593 2745 fulgeret
1630 2669 1793 2746 astri,

212 2752 315 2816 Ire
356 2756 589 2815 tamen.'
671 2752 852 2814 Simul
888 2752 1252 2828 haerentem,
1295 2770 1372 2812 ne
1413 2752 1575 2813 tarda
1617 2752 1883 2832 Pelasgis

214 2839 355 2900 Dux
395 2838 588 2916 foret,
634 2837 706 2899 ah
749 2838 1020 2898 miserum
1054 2837 1249 2897 vicino
1289 2838 1515 2917 cespite
1561 2837 1868 2917 alumnum,

218 2924 325 2985 Sic
356 2922 576 2985 Parcae
617 2923 896 2999 voluere,
941 2922 1132 2999 locat,
1173 2922 1453 3002 ponitque
1489 2931 1796 3000 negantem
2106 2929 2211 2985 780

216 3007 491 3070 Floribus
535 3008 828 3086 aggestiS,
877 3014 934 3067 et
978 3007 1165 3067 amico
1208 3023 1511 3090 murmure·
1537 3007 1743 3070 dulces
1826 3007 1829 3012 '

219 3092 458 3155 Solatur
496 3093 793 3154 lacrimas:
835 3091 1024 3171 qualis
1061 3090 1450 3167 Berecynthia
1493 3101 1698 3170 mater,

217 3178 372 3239 Dum
414 3178 570 3238 circa
605 3194 844 3256 parvum
883 3174 1045 3237 iubet
1086 3176 1351 3237 exultare
1396 3175 1715 3238 Tonantem
1753 3182 1757 3185 ’

221 3259 470 3323 Curetas
511 3260 805 3340 trepidos;
854 3261 942 3322 illi
988 3261 1269 3321 certantia
1302 3260 1607 3340 plaudunt'

221 3344 434 3425 Orgia,
476 3345 581 3407 sed
614 3345 850 3422 magnis
875 3352 1117 3405 resonat
1155 3345 1448 3423 vagitibus
1485 3343 1608 3405 Ide.
2107 3352 2210 3410 785

348 3428 427 3491 At
469 3447 619 3512 puer
658 3431 717 3491 iu
754 3430 978 3508 gremio
1015 3447 1232 3493 vernae
1272 3429 1498 3491 telluris
1541 3437 1601 3490 et
1635 3426 1757 3490 alto
1960 3445 1965 3452 ’
