2517 3909
353 130 476 193 156
1045 142 1109 190 P.
1142 142 1408 190 Parnm
1438 142 1669 190 surn

349 300 618 376 Tydeos,
666 310 724 360 et
763 301 989 360 laevum
1022 297 1246 359 iuvenis
1284 297 1718 357 transverberat
1754 297 1969 374 inguen
2226 304 2334 359 635

346 384 778 463 Labentemque
821 384 1004 461 affigit
1045 397 1230 463 equo:
1277 381 1424 459 fugit
1466 381 1568 442 ille
1610 390 1915 462 perempto

351 468 671 529 consertus
717 470 979 543 domino,
1025 487 1136 529 nec
1176 470 1288 527 iam
1323 484 1477 526 arma
1522 476 1618 527 aut
1635 467 1823 527 drona
1869 475 2162 527 tenentem

348 555 543 615 Portat
586 553 808 631 adhuc,
856 572 966 614 ceu
1010 553 1259 613 nondum
1304 552 1490 611 anima
1533 552 1796 612 defectus
1838 560 2085 629 utraque

350 637 536 713 Quum
576 657 679 698 sua
724 635 1042 698 Centaurus
1083 638 1339 697 moriens
1384 637 1442 695 in
1476 645 1642 714 terga
1685 634 1987 696 recumbit.

467 721 666 783 Cei-tat
705 739 851 801 opus
895 722 1069 798 ferri,
1114 730 1491 798 sternuntque
1536 722 1756 780 alterna
1791 721 2052 780 furentes
2229 727 2337 784 640

346 806 751 887 Hippomedon
794 806 1039 883 Sybarin
1083 806 1336 883 Pylium,
1387 804 1733 884 Periphanta
1770 804 2165 880 Menoeceus,

349 892 826 970 Parthenopaeus
868 892 1028 967 Ityn:
1071 891 1312 966 Sybaris
1358 890 1513 949 iacet
1555 908 1697 949 ense
1742 899 2003 965 cruento,

352 975 607 1056 Cuspide
648 985 780 1036 trux
819 976 1131 1055 Periphas,
1176 974 1297 1050 Itys
1335 974 1636 1034 insidiante
1672 976 1904 1052 sagitta.

353 1059 621 1121 Caeneos
664 1060 879 1121 Inachii
921 1061 1082 1120 ferro
1124 1058 1438 1119 Mavortius
1481 1058 1740 1119 Ihemon
2264 1093 2269 1098 ·

355 1144 522 1206 Colla
566 1147 750 1224 rapit,
793 1146 885 1206 cui
918 1145 1206 1205 dividuum
1241 1153 1398 1204 trans
1442 1149 1657 1223 corpus
1701 1144 1926 1204 hiantes
2232 1153 2337 1208 645

352 1230 639 1293 Truncum
679 1230 835 1290 oculi
878 1238 1194 1308 quaerunt,
1240 1229 1457 1287 animus
1501 1237 1703 1307 caput;
1750 1246 1904 1289 arma
1930 1228 2192 1288 iacentis

348 1314 467 1374 Iam
508 1314 772 1394 rapiebat
814 1314 1008 1390 Abas,
1055 1331 1235 1374 cornu
1273 1311 1598 1390 deprensus
1638 1312 1863 1373 Achiva

348 1398 574 1459 Dimisit
613 1400 864 1459 moriens
910 1399 1159 1478 clipeum
1203 1397 1591 1477 hostilemque
1636 1415 1934 1476 suum-que.

478 1484 621 1558 Quis
655 1483 757 1543 tibi
800 1482 1172 1559 Bacchaeos,
1217 1481 1489 1558 Eunaee,
1528 1483 1860 1560 relinquere
1912 1484 2139 1558 cultus,

353 1568 493 1642 Quis
531 1567 731 1643 lucos,
774 1569 987 1627 vetitus
1036 1568 1240 1646 quibus
1283 1568 1601 1627 emansisse
1646 1568 1962 1644 sacerdOS‚
2234 1574 2340 1631 650

352 1653 581 1728 Suasit,
630 1661 689 1712 et
734 1661 1025 1712 assuetum
1066 1652 1299 1712 Bromio
1337 1660 1558 1711 mutare
1593 1648 1890 1711 furorem?

351 1736 539 1812 Quem
572 1745 798 1797 terrere
843 1734 1067 1814 queas?
1121 1737 1300 1819 clipei
1345 1736 1707 1814 penetrabile
1745 1744 1966 1795 textum

348 1821 641 1882 Pallentes
684 1822 941 1881 hederae
976 1820 1329 1899 Nysaeaque
1379 1830 1535 1880 serta
1575 1829 1871 1881 coronant.

351 1904 606 1967 Candida
647 1907 954 1986 pampineo
1001 1905 1359 1966 subnectitur
1395 1906 1585 1966 instita
1630 1906 1762 1982 filo,

359 1989 531 2051 Crine
576 1992 756 2051 latent
796 1992 1046 2066 humeri,
1091 1997 1362 2050 crescunt
1405 1989 1676 2067 lanugine
1718 1989 1938 2065 malae,
2238 1995 2342 2052 655

351 2074 427 2135 Et
467 2074 636 2136 rubet
676 2074 909 2135 inbellis
946 2075 1122 2149 Tyrio
1167 2074 1489 2134 subtemine
1534 2075 1775 2150 thorax,

352 2160 710 2239 Brachiaque
749 2160 1082 2219 in-manicis
1132 2169 1191 2219 et
1235 2160 1428 2237 pictae
1467 2159 1696 2219 vincula
1741 2159 1972 2239 plantae

353 2243 751 2324 Carbaseique
795 2244 987 2320 sinus,
1037 2254 1096 2304 et
1142 2242 1320 2303 fibula
1360 2244 1551 2304 rasilis
1590 2262 1731 2303 auro

355 2328 693 2389 Taenariam
735 2328 892 2389 fulva
929 2327 1232 2390 mordebat
1270 2329 1495 2407 iaspide
1533 2329 1772 2408 pallam

353 2412 538 2488 Quam
578 2432 757 2492 super
799 2431 831 2473 a
871 2423 1043 2491 tergo
1081 2413 1260 2473 velox
1303 2424 1535 2489 corytus
1582 2423 1642 2474 et
1681 2432 1886 2490 arcus,
2232 2421 2334 2477 660

352 2497 793 2577 Pendentesque
836 2508 1043 2559 sonant
1077 2507 1273 2558 aurata
1309 2498 1481 2574 lynce
1523 2499 1849 2577 pharetrae.

352 2581 403 2641 It
445 2582 775 2662 lymphante
818 2583 931 2644 deo
972 2583 1159 2644 media
1200 2585 1350 2642 inter
1391 2583 1565 2643 millia
1610 2584 1843 2661 longum

351 2667 730 2729 vociferans:
776 2669 1125 2730 ‘Prohibete
1169 2685 1401 2744 manus,
1440 2669 1589 2728 haec
1633 2669 1824 2728 omine
1867 2668 2075 2729 dextro

353 2752 581 2814 Moenia
626 2751 919 2828 Cyrrhaea
952 2754 1295 2813 monstravit
1325 2752 1543 2831 Apollo
1586 2754 1852 2814 iuvenca.

354 2839 612 2915 Parcite,
658 2840 713 2897 in
756 2839 905 2898 haec
947 2837 1097 2897 ultro
1140 2837 1367 2916 scopuli
1408 2855 1629 2896 venere
1670 2838 1960 2898 volentes.
2229 2844 2324 2899 665

356 2922 510 2983 Gens
552 2932 775 2983 sacrata
819 2940 1043 2981 sumus:
1090 2939 1277 2999 gener
1321 2920 1453 2981 huic
1497 2930 1587 2982 est
1630 2921 1890 3001 Iuppiter
1933 2921 2062 2981 urbi

355 3004 751 3085 Gradivusque
789 3023 989 3075 socer:
1036 3006 1326 3067 Bacchum
1362 3005 1513 3066 haud
1550 3008 1850 3066 mentimur
1886 3006 2171 3066 alumnum

353 3089 430 3150 Et
469 3109 733 3168 magnum
769 3090 1064 3151 Alciden.’
1142 3091 1378 3151 lactanti
1417 3091 1553 3151 talia
1593 3091 1805 3151 frustra

356 3173 638 3235 Turbidus
674 3177 832 3234 aeria
876 3172 1184 3254 Capaneus
1227 3176 1483 3236 occurrit
1521 3177 1579 3234 in
1623 3174 1806 3236 hasta.

481 3258 680 3332 Qualis
723 3259 819 3318 ubi
862 3261 1100 3338 primam
1140 3260 1238 3319 leo
1283 3277 1449 3319 mane
1492 3260 1779 3320 cubilibus
1823 3261 1962 3320 atris
2227 3264 2322 3322 670

353 3341 558 3402 Erexit
596 3341 814 3410 rabiem
860 3352 919 3403 et
959 3359 1141 3403 saevo
1187 3344 1527 3422 speculatur
1569 3343 1641 3404 ab
1678 3349 1850 3404 'antro

354 3423 470 3485 Aut
514 3443 777 3504 cervam,
823 3436 918 3488 aut
958 3428 1209 3487 nondum
1249 3428 1564 3489 bellantem
1606 3428 1798 3489 fronte
1841 3431 2173 3504 iuvencum,
