2517 3909
901 139 1301 190 mammos
1343 141 1486 190 Lm.
1528 143 1626 191 lx.
2144 127 2263 192 189

253 295 697 378 Hippomedon,
739 296 945 359 ‘turbat
969 296 1218 359 ³Danaos
1258 297 1518 377 Asopius
1556 295 1850 376 Hypseus,

259 384 464 443 Amnis
509 390 811 462 utrumque
852 382 1047 459 timet,
1107 400 1311 443 crasso
1355 381 1503 442 vada
1546 390 1723 443 mutat
1763 391 2008 462 uterque

263 469 593 545 Sanguine,
640 475 698 527 et
741 485 775 527 e
819 466 993 527 fluvio
1038 468 1227 527 neutri
1270 467 1449 528 fatale
1487 468 1726 527 reverti.

390 551 511 612 Iam
550 552 731 612 laceri
772 553 973 631 pronis
1011 551 1324 611 volvuntur
1363 550 1632 611 cursibus
1670 560 1828 612 artus

197 715 204 719 .
266 636 536 717 Oraque,
583 645 644 696 et
681 635 951 697 abscisae
992 636 1239 696 redeunt
1277 638 1335 696 in
1375 644 1621 713 pectora
1664 634 1924 719 dextrae.
2159 646 2265 701 260

265 721 508 801 Spicula
551 722 663 782 iam
705 720 1054 801 clipeosque
1094 721 1262 781 leves
1306 738 1595 799 arcusque
1634 721 1911 782 remissos

263 805 431 867 Unda
472 805 666 881 vehit,
713 805 1038 884 galeasque
1074 814 1273 865 vetant
1311 805 1677 866 descendere
1722 806 1952 866 cristae.

266 891 502 951 Summa
541 892 708 967 vagis
751 889 868 950 late
914 899 1243 949 sternuntur
1281 889 1508 950 flumina
1549 889 1706 964 telis,

264 974 386 1036 Ima
426 976 598 1042 viris;
636 973 758 1035 illic
801 974 1089 1035 luctantur
1132 990 1384 1054 corpora
1425 974 1568 1051 let0,

263 1058 670 1137 Efflantesque
711 1059 929 1119 animas
970 1068 1130 1119 retro
1175 1062 1385 1138 premit
1423 1058 1630 1119 obvius
1673 1061 1872 1120 amnis.
2161 1071 2263 1126 265

394 1143 747 1204 Flumineam
789 1145 1058 1223 rapiente
1098 1143 1251 1204 vado
1298 1161 1444 1222 puer
1477 1144 1693 1222 Agrius
1735 1144 1947 1205 ulmum

267 1229 618 1306 Prenderat,
667 1231 927 1306 insignes
969 1227 1244 1288 humeros
1292 1229 1455 1289 ferus
1497 1247 1640 1289 ense
1680 1227 2036 1291 Menoeceus

266 1314 574 1393 Amputat;
620 1312 722 1373 ille
768 1314 1014 1390 cadens,
1063 1314 1315 1374 nondum
1359 1315 1659 1374 conamine
1701 1313 1993 1394 adempto,

272 1399 534 1461 Truncus
578 1399 635 1458 in
679 1398 937 1459 excelsis
977 1406 1207 1477 spectat
1247 1416 1352 1458 sua
1396 1398 1634 1459 brachia
1676 1400 1867 1459 ramis.

266 1485 542 1563 Hypseos
579 1483 744 1543 hasta
786 1483 983 1560 Sagen
1029 1484 1248 1560 ingenti
1289 1482 1533 1543 vulnere
1576 1484 1796 1559 mersit,
2162 1495 2268 1553 270

268 1568 382 1629 Ille
423 1577 617 1628 manet
654 1567 863 1643 fundo,
911 1567 1082 1627 rediit
1125 1585 1235 1646 pro
1279 1585 1535 1646 corpore
1578 1569 1830 1646 sanguis.

396 1652 650 1713 Desiluit
688 1654 832 1731 ripis
876 1652 1110 1711 fratrem
1148 1660 1418 1730 rapturus
1455 1652 1698 1730 Agenor

194 1796 198 1800 ,
268 1737 434 1799 Heu!
481 1740 656 1797 miser
698 1745 758 1796 et
798 1738 1013 1812 tenuit,
1061 1735 1170 1796 sed
1211 1737 1444 1796 saucius
1485 1736 1586 1796 ille
1630 1736 1921 1798 levantem

269 1822 570 1900 Degravat
612 1820 912 1900 amplexu3
958 1829 1190 1900 poterat
1229 1821 1525 1880 resolutus
1562 1818 1806 1898 Agenor

271 1906 603 1968 Emersisse
645 1906 841 1982 vadis,
886 1906 1088 1984 puduit
1129 1906 1255 1966 sine
1299 1905 1478 1965 fratre
1519 1906 1758 1966 reverti.
2165 1915 2269 1972 275

404 1992 752 2069 Surgentem
795 1991 999 2051 dextra
1043 1988 1348 2051 Chaletum
1390 1990 1713 2068 vulnusque
1754 1991 2061 2051 minantem

271 2075 571 2137 Sorbebat
611 2075 848 2154 rapidus
890 2075 1104 2136 nodato
1148 2077 1381 2153 gurgite
1420 2083 1656 2143 vortex;

270 2159 394 2222 Iam
437 2161 628 2237 vultu,
674 2161 788 2220 iam
830 2160 992 2220 crine
1035 2159 1210 2236 latet,
1254 2162 1367 2220 iam
1407 2160 1648 2220 dextera
1682 2177 1984 2239 nusquam,

274 2245 525 2306 Ultimus
568 2244 841 2324 abruptas
886 2246 1042 2305 ensis
1083 2245 1387 2306 descendit
1427 2246 1484 2304 in
1529 2244 1729 2304 undas.
2014 2282 2021 2287 -

272 2327 444 2390 Mille
486 2329 674 2391 modis
717 2329 820 2390 leti
860 2330 1112 2389 miseros
1150 2347 1309 2390 mors
1352 2347 1462 2390 una
1504 2329 1726 2406 fatigat.
2171 2341 2276 2395 280

274 2413 465 2474 Induit
503 2433 535 2474 a
577 2423 748 2492 tergo
791 2412 1107 2490 Mycalesia
1150 2417 1349 2493 cuspis
1386 2415 1684 2491 Agyrtem

276 2498 599 2577 Respexit,
642 2516 920 2578 nusquam
965 2508 1168 2558 auctor
1215 2508 1374 2574 erat,
1419 2498 1528 2559 sed
1571 2496 1800 2557 concita
1841 2506 2028 2560 tractu

278 2583 537 2660 Gurgitis
582 2583 866 2661 effugiens
912 2584 1212 2643 invenerat
1254 2583 1418 2643 hasta
1463 2598 1750 2642 cruorem.

408 2665 629 2746 Figitur
666 2677 725 2728 et
766 2668 994 2729 validos
1036 2670 1275 2746 sonipes
1311 2666 1560 2727 Aetolus
1604 2667 1662 2725 in
1702 2683 1916 2743 armos,

275 2750 616 2832 Exiluitque
657 2752 776 2813 alte
817 2754 876 2813 vi
918 2753 1119 2815 mortis
1163 2762 1222 2812 et
1261 2770 1398 2812 aera
1437 2750 1701 2831 pendens
2175 2763 2278 2818 285

274 2835 602 2906 Verberat;
650 2837 803 2899 haud
845 2846 1037 2899 tamen
1077 2846 1168 2897 est
1210 2835 1470 2896 turbatus
1512 2836 1742 2896 flumine
1785 2835 2009 2911 ductor,

279 2921 405 2983 Sed
441 2923 747 2982 miseratur
791 2938 1036 3000 equum,
1080 2937 1410 2999 magnoque
1451 2939 1485 2982 e
1527 2921 1770 2981 vulnere
1811 2921 1990 2981 telum

277 3005 461 3067 Exuit
500 3009 628 3086 ipse
670 3024 918 3083 gemens
962 3016 1023 3066 et
1071 3015 1284 3084 sponte
1327 3006 1546 3066 remisit
1587 3005 1865 3066 habenas.

283 3091 427 3151 Inde
465 3091 652 3170 pedes
696 3092 912 3169 repetit
952 3108 1177 3169 pugnas
1219 3107 1548 3169 gressuque
1591 3106 1877 3168 manuque

285 3173 554 3253 Certior,
599 3185 660 3236 et
704 3193 949 3252 segnem
985 3173 1249 3235 Nomium
1289 3174 1619 3254 fortemque
1661 3172 1930 3233 Mimanta
2178 3181 2284 3238 290

283 3257 741 3339 Thebaeumque
782 3259 998 3320 Lichan
1038 3259 1580 3338 Anthedoniumque
1623 3257 1897 3334 Lycetum

284 3340 598 3405 Continuat
637 3345 799 3406 ferro
836 3345 1202 3423 geminisque
1243 3362 1278 3405 e
1325 3343 1598 3405 fratribus
1641 3360 1812 3402 unum

283 3426 659 3509 Thespiaden
675 3451 698 3500 ;¹
736 3429 940 3491 eadem
984 3430 1252 3511 poscenti
1292 3429 1409 3490 fata
1448 3427 1729 3488 Panemo:
