<?xml version="1.0" encoding="UTF-8"?>
<!DOCTYPE html PUBLIC "-//W3C//DTD XHTML 1.0 Transitional//EN"
    "http://www.w3.org/TR/xhtml1/DTD/xhtml1-transitional.dtd">
<html xmlns="http://www.w3.org/1999/xhtml" xml:lang="en" lang="en">
 <head>
  <title>
</title>
<meta http-equiv="Content-Type" content="text/html;charset=utf-8" />
  <meta name='ocr-system' content='tesseract 3.04.00' />
  <meta name='ocr-capabilities' content='ocr_page ocr_carea ocr_par ocr_line ocrx_word'/>
</head>
<body>
  <div class='ocr_page' id='page_1' title='image "./ppapiniusstatiu00placgoog_0451.png"; bbox 0 0 2517 3909; ppageno 0'>
   <div class='ocr_carea' id='block_1_1' title="bbox 1411 0 1959 3">
    <p class='ocr_par' dir='ltr' id='par_1_1' title="bbox 1411 0 1959 3">
     <span class='ocr_line' id='line_1_1' title="bbox 1411 0 1959 3; baseline 0 0"><span class='ocrx_word' id='word_1_1' title='bbox 1411 0 1959 3; x_wconf 95' lang='lat' dir='ltr'> </span> 
     </span>
    </p>
   </div>
   <div class='ocr_carea' id='block_1_2' title="bbox 802 130 2173 195">
    <p class='ocr_par' dir='ltr' id='par_1_2' title="bbox 802 130 2173 195">
     <span class='ocr_line' id='line_1_2' title="bbox 802 130 2173 195; baseline 0.001 -2"><span class='ocrx_word' id='word_1_2' title='bbox 802 143 1200 193; x_wconf 67' lang='lat' dir='ltr'>mannos</span> <span class='ocrx_word' id='word_1_3' title='bbox 1242 144 1382 192; x_wconf 77' lang='lat' dir='ltr'>me.</span> <span class='ocrx_word' id='word_1_4' title='bbox 1429 145 1550 193; x_wconf 79' lang='lat' dir='ltr'>vn.</span> <span class='ocrx_word' id='word_1_5' title='bbox 2055 130 2173 195; x_wconf 86' lang='lat'>153</span> 
     </span>
    </p>
   </div>
   <div class='ocr_carea' id='block_1_3' title="bbox 94 297 2175 3507">
    <p class='ocr_par' dir='ltr' id='par_1_3' title="bbox 183 297 1851 377">
     <span class='ocr_line' id='line_1_3' title="bbox 183 297 1851 377; baseline 0 -17"><span class='ocrx_word' id='word_1_6' title='bbox 183 297 261 360; x_wconf 87' lang='lat' dir='ltr'>Et</span> <span class='ocrx_word' id='word_1_7' title='bbox 295 299 562 360; x_wconf 84' lang='lat' dir='ltr'>lacrimas</span> <span class='ocrx_word' id='word_1_8' title='bbox 602 297 712 359; x_wconf 80' lang='lat' dir='ltr'>has</span> <span class='ocrx_word' id='word_1_9' title='bbox 753 298 1001 377; x_wconf 75' lang='lat' dir='ltr'>quisque</span> <span class='ocrx_word' id='word_1_10' title='bbox 1036 299 1222 373; x_wconf 74' lang='lat' dir='ltr'>domi,</span> <span class='ocrx_word' id='word_1_11' title='bbox 1270 317 1373 360; x_wconf 87' lang='lat' dir='ltr'>sua</span> <span class='ocrx_word' id='word_1_12' title='bbox 1419 300 1643 361; x_wconf 79' lang='lat' dir='ltr'>credite</span> <span class='ocrx_word' id='word_1_13' title='bbox 1685 301 1851 360; x_wconf 86' lang='lat' dir='ltr'>matri</span> 
     </span>
    </p>

    <p class='ocr_par' dir='ltr' id='par_1_4' title="bbox 182 381 1818 463">
     <span class='ocr_line' id='line_1_4' title="bbox 182 381 1818 463; baseline -0.001 -19"><span class='ocrx_word' id='word_1_14' title='bbox 182 384 451 445; x_wconf 84' lang='lat' dir='ltr'>Viscera.</span> <span class='ocrx_word' id='word_1_15' title='bbox 541 384 604 445; x_wconf 91' lang='lat' dir='ltr'>Si</span> <span class='ocrx_word' id='word_1_16' title='bbox 646 381 818 442; x_wconf 87' lang='lat' dir='ltr'>vobis</span> <span class='ocrx_word' id='word_1_17' title='bbox 848 382 945 442; x_wconf 86' lang='lat' dir='ltr'>hic</span> <span class='ocrx_word' id='word_1_18' title='bbox 982 401 1166 463; x_wconf 86' lang='lat' dir='ltr'>parvo</span> <span class='ocrx_word' id='word_1_19' title='bbox 1209 386 1266 443; x_wconf 86' lang='lat' dir='ltr'>in</span> <span class='ocrx_word' id='word_1_20' title='bbox 1306 394 1571 463; x_wconf 87' lang='lat' dir='ltr'>tempore</span> <span class='ocrx_word' id='word_1_21' title='bbox 1618 403 1818 461; x_wconf 81' lang='lat' dir='ltr'>carus,</span> 
     </span>
    </p>

    <p class='ocr_par' dir='ltr' id='par_1_5' title="bbox 181 466 2170 633">
     <span class='ocr_line' id='line_1_5' title="bbox 183 466 2170 548; baseline 0.001 -20"><span class='ocrx_word' id='word_1_22' title='bbox 183 470 387 548; x_wconf 83' lang='lat' dir='ltr'><strong>Sitque</strong></span> <span class='ocrx_word' id='word_1_23' title='bbox 420 486 665 548; x_wconf 78' lang='lat' dir='ltr'>precor,</span> <span class='ocrx_word' id='word_1_24' title='bbox 713 467 851 546; x_wconf 83' lang='lat' dir='ltr'>quid</span> <span class='ocrx_word' id='word_1_25' title='bbox 878 485 1001 545; x_wconf 81' lang='lat' dir='ltr'>me,</span> <span class='ocrx_word' id='word_1_26' title='bbox 1044 486 1184 544; x_wconf 63' lang='lat' dir='ltr'>oro„</span> <span class='ocrx_word' id='word_1_27' title='bbox 1227 466 1694 548; x_wconf 53' lang='lat' dir='ltr'>decet‘hquidve</span> <span class='ocrx_word' id='word_1_28' title='bbox 1727 471 1870 547; x_wconf 86' lang='lat' dir='ltr'>ista,</span> <span class='ocrx_word' id='word_1_29' title='bbox 1905 469 2170 548; x_wconf 79' lang='lat' dir='ltr'>Pelasgi,</span> 
     </span>
     <span class='ocr_line' id='line_1_6' title="bbox 181 550 1723 633; baseline 0.001 -21"><span class='ocrx_word' id='word_1_30' title='bbox 181 550 429 614; x_wconf 78' lang='lat' dir='ltr'>Ubera?</span> <span class='ocrx_word' id='word_1_31' title='bbox 473 552 545 613; x_wconf 89' lang='lat' dir='ltr'>ab</span> <span class='ocrx_word' id='word_1_32' title='bbox 582 553 863 628; x_wconf 67' lang='lat' dir='ltr'>Hyrcanis</span> <span class='ocrx_word' id='word_1_33' title='bbox 905 550 1021 612; x_wconf 90' lang='lat' dir='ltr'>hoc</span> <span class='ocrx_word' id='word_1_34' title='bbox 1058 552 1419 633; x_wconf 78' lang='lat' dir='ltr'>Odrysisque</span> <span class='ocrx_word' id='word_1_35' title='bbox 1460 554 1723 614; x_wconf 77' lang='lat' dir='ltr'>tulissem</span> 
     </span>
    </p>

    <p class='ocr_par' dir='ltr' id='par_1_6' title="bbox 180 637 2169 801">
     <span class='ocr_line' id='line_1_7' title="bbox 180 637 2169 716; baseline 0.003 -19"><span class='ocrx_word' id='word_1_36' title='bbox 180 637 486 715; x_wconf 84' lang='lat' dir='ltr'>Regibus,</span> <span class='ocrx_word' id='word_1_37' title='bbox 536 648 595 698; x_wconf 92' lang='lat' dir='ltr'>et</span> <span class='ocrx_word' id='word_1_38' title='bbox 637 638 686 697; x_wconf 91' lang='lat' dir='ltr'>si</span> <span class='ocrx_word' id='word_1_39' title='bbox 732 638 829 716; x_wconf 89' lang='lat' dir='ltr'>qui</span> <span class='ocrx_word' id='word_1_40' title='bbox 868 647 1103 697; x_wconf 82' lang='lat' dir='ltr'>nostros</span> <span class='ocrx_word' id='word_1_41' title='bbox 1138 639 1342 697; x_wconf 79' lang='lat' dir='ltr'>vicere</span> <span class='ocrx_word' id='word_1_42' title='bbox 1384 639 1637 698; x_wconf 78' lang='lat' dir='ltr'>furores·</span> <span class='ocrx_word' id='word_1_43' title='bbox 2068 649 2169 703; x_wconf 68' lang='lat'>526</span> 
     </span>
     <span class='ocr_line' id='line_1_8' title="bbox 181 721 1759 801; baseline 0 -19"><span class='ocrx_word' id='word_1_44' title='bbox 181 722 467 799; x_wconf 82' lang='lat' dir='ltr'>Annuite,</span> <span class='ocrx_word' id='word_1_45' title='bbox 511 732 608 783; x_wconf 89' lang='lat' dir='ltr'>aut</span> <span class='ocrx_word' id='word_1_46' title='bbox 647 731 839 783; x_wconf 85' lang='lat' dir='ltr'>natum</span> <span class='ocrx_word' id='word_1_47' title='bbox 884 721 1192 800; x_wconf 87' lang='lat' dir='ltr'>complexa</span> <span class='ocrx_word' id='word_1_48' title='bbox 1236 725 1553 801; x_wconf 79' lang='lat' dir='ltr'>superstite</span> <span class='ocrx_word' id='word_1_49' title='bbox 1596 723 1759 784; x_wconf 86' lang='lat' dir='ltr'>bello</span> 
     </span>
    </p>

    <p class='ocr_par' dir='ltr' id='par_1_7' title="bbox 177 805 1961 971">
     <span class='ocr_line' id='line_1_9' title="bbox 178 805 1961 886; baseline -0.001 -19"><span class='ocrx_word' id='word_1_50' title='bbox 178 806 293 867; x_wconf 87' lang='lat' dir='ltr'>Hic</span> <span class='ocrx_word' id='word_1_51' title='bbox 334 808 592 868; x_wconf 64' lang='lat' dir='ltr'>moriar?</span> <span class='ocrx_word' id='word_1_52' title='bbox 680 805 947 866; x_wconf 86' lang='lat' dir='ltr'>Tumidas</span> <span class='ocrx_word' id='word_1_53' title='bbox 988 807 1336 885; x_wconf 81' lang='lat' dir='ltr'>frangebant</span> <span class='ocrx_word' id='word_1_54' title='bbox 1374 808 1528 868; x_wconf 85' lang='lat' dir='ltr'>dicta</span> <span class='ocrx_word' id='word_1_55' title='bbox 1569 808 1876 886; x_wconf 78' lang='lat' dir='ltr'>cohortes,</span> <span class='ocrx_word' id='word_1_56' title='bbox 1958 857 1961 859; x_wconf 89' lang='lat'>.</span> 
     </span>
     <span class='ocr_line' id='line_1_10' title="bbox 177 890 1709 971; baseline 0 -20"><span class='ocrx_word' id='word_1_57' title='bbox 177 890 581 971; x_wconf 85' lang='lat' dir='ltr'>Nutantesque</span> <span class='ocrx_word' id='word_1_58' title='bbox 627 892 807 951; x_wconf 89' lang='lat' dir='ltr'>virum</span> <span class='ocrx_word' id='word_1_59' title='bbox 847 891 1085 967; x_wconf 69' lang='lat' dir='ltr'>galeae,</span> <span class='ocrx_word' id='word_1_60' title='bbox 1132 901 1192 951; x_wconf 88' lang='lat' dir='ltr'>et</span> <span class='ocrx_word' id='word_1_61' title='bbox 1236 909 1440 970; x_wconf 81' lang='lat' dir='ltr'>sparsa</span> <span class='ocrx_word' id='word_1_62' title='bbox 1473 892 1709 953; x_wconf 84' lang='lat' dir='ltr'>videres</span> 
     </span>
    </p>

    <p class='ocr_par' dir='ltr' id='par_1_8' title="bbox 178 974 1739 1057">
     <span class='ocr_line' id='line_1_11' title="bbox 178 974 1739 1057; baseline 0 -21"><span class='ocrx_word' id='word_1_63' title='bbox 178 974 443 1036; x_wconf 86' lang='lat' dir='ltr'>Fletibus</span> <span class='ocrx_word' id='word_1_64' title='bbox 487 994 640 1037; x_wconf 89' lang='lat' dir='ltr'>arma</span> <span class='ocrx_word' id='word_1_65' title='bbox 678 977 819 1055; x_wconf 78' lang='lat' dir='ltr'>piis,</span> <span class='ocrx_word' id='word_1_66' title='bbox 908 976 1072 1036; x_wconf 87' lang='lat' dir='ltr'>uales</span> <span class='ocrx_word' id='word_1_67' title='bbox 1114 975 1214 1036; x_wconf 87' lang='lat' dir='ltr'>ubi</span> <span class='ocrx_word' id='word_1_68' title='bbox 1250 976 1370 1037; x_wconf 90' lang='lat' dir='ltr'>tela</span> <span class='ocrx_word' id='word_1_69' title='bbox 1410 978 1687 1057; x_wconf 83' lang='lat' dir='ltr'>virosque</span> <span class='ocrx_word' id='word_1_70' title='bbox 1736 975 1739 980; x_wconf 81' lang='grc'><strong>’</strong></span> 
     </span>
    </p>

    <p class='ocr_par' dir='ltr' id='par_1_9' title="bbox 179 994 2174 1308">
     <span class='ocr_line' id='line_1_12' title="bbox 179 994 2174 1140; baseline 0.001 -19"><span class='ocrx_word' id='word_1_71' title='bbox 179 1059 447 1121; x_wconf 85' lang='lat' dir='ltr'>Pectoris</span> <span class='ocrx_word' id='word_1_72' title='bbox 488 1061 716 1140; x_wconf 90' lang='lat' dir='ltr'>inpulsu</span> <span class='ocrx_word' id='word_1_73' title='bbox 755 994 944 1138; x_wconf 47' lang='lat' dir='ltr'>rapiffii</span> <span class='ocrx_word' id='word_1_74' title='bbox 985 1070 1249 1121; x_wconf 81' lang='lat' dir='ltr'>stravere</span> <span class='ocrx_word' id='word_1_75' title='bbox 1296 1061 1534 1131; x_wconf 54' lang='lat' dir='ltr'>leonem</span> <span class='ocrx_word' id='word_1_76' title='bbox 2070 1069 2174 1124; x_wconf 81' lang='lat'>530</span> 
     </span>
     <span class='ocr_line' id='line_1_13' title="bbox 180 1143 1865 1225; baseline 0.001 -20"><span class='ocrx_word' id='word_1_77' title='bbox 180 1143 450 1205; x_wconf 87' lang='lat' dir='ltr'>Protinus</span> <span class='ocrx_word' id='word_1_78' title='bbox 495 1147 578 1208; x_wconf 88' lang='lat' dir='ltr'>ira</span> <span class='ocrx_word' id='word_1_79' title='bbox 621 1146 837 1219; x_wconf 77' lang='lat' dir='ltr'>minor,</span> <span class='ocrx_word' id='word_1_80' title='bbox 881 1145 1252 1223; x_wconf 79' lang='lat' dir='ltr'>gaudentque</span> <span class='ocrx_word' id='word_1_81' title='bbox 1293 1148 1351 1205; x_wconf 90' lang='lat' dir='ltr'>in</span> <span class='ocrx_word' id='word_1_82' title='bbox 1394 1164 1647 1225; x_wconf 77' lang='lat' dir='ltr'>corpore</span> <span class='ocrx_word' id='word_1_83' title='bbox 1690 1155 1865 1225; x_wconf 85' lang='lat' dir='ltr'>capto</span> 
     </span>
     <span class='ocr_line' id='line_1_14' title="bbox 180 1228 1696 1308; baseline 0.001 -19"><span class='ocrx_word' id='word_1_84' title='bbox 180 1228 462 1290; x_wconf 77' lang='lat' dir='ltr'>Securum</span> <span class='ocrx_word' id='word_1_85' title='bbox 504 1230 738 1290; x_wconf 84' lang='lat' dir='ltr'>differre</span> <span class='ocrx_word' id='word_1_86' title='bbox 780 1230 1024 1289; x_wconf 81' lang='lat' dir='ltr'>famem:</span> <span class='ocrx_word' id='word_1_87' title='bbox 1070 1232 1158 1290; x_wconf 81' lang='lat' dir='ltr'>sic</span> <span class='ocrx_word' id='word_1_88' title='bbox 1199 1230 1357 1291; x_wconf 70' lang='lat' dir='ltr'>flexa</span> <span class='ocrx_word' id='word_1_89' title='bbox 1389 1231 1696 1308; x_wconf 80' lang='lat' dir='ltr'>Pelasgum</span> 
     </span>
    </p>

    <p class='ocr_par' dir='ltr' id='par_1_10' title="bbox 185 1311 1885 1392">
     <span class='ocr_line' id='line_1_15' title="bbox 185 1311 1885 1392; baseline 0 -19"><span class='ocrx_word' id='word_1_90' title='bbox 185 1311 380 1375; x_wconf 83' lang='lat' dir='ltr'>Corda</span> <span class='ocrx_word' id='word_1_91' title='bbox 421 1313 650 1391; x_wconf 78' lang='lat' dir='ltr'>labant,</span> <span class='ocrx_word' id='word_1_92' title='bbox 696 1315 956 1392; x_wconf 84' lang='lat' dir='ltr'>ferrique</span> <span class='ocrx_word' id='word_1_93' title='bbox 1001 1315 1201 1376; x_wconf 80' lang='lat' dir='ltr'>avidus</span> <span class='ocrx_word' id='word_1_94' title='bbox 1240 1324 1649 1376; x_wconf 79' lang='lat' dir='ltr'>mansueverat</span> <span class='ocrx_word' id='word_1_95' title='bbox 1691 1315 1885 1375; x_wconf 88' lang='lat' dir='ltr'>ardor.</span> 
     </span>
    </p>

    <p class='ocr_par' dir='ltr' id='par_1_11' title="bbox 94 1398 2171 1816">
     <span class='ocr_line' id='line_1_16' title="bbox 305 1398 2127 1477; baseline 0 -19"><span class='ocrx_word' id='word_1_96' title='bbox 305 1398 445 1477; x_wconf 87' lang='lat' dir='ltr'>lpse</span> <span class='ocrx_word' id='word_1_97' title='bbox 488 1401 657 1459; x_wconf 88' lang='lat' dir='ltr'>etiam</span> <span class='ocrx_word' id='word_1_98' title='bbox 693 1408 828 1459; x_wconf 85' lang='lat' dir='ltr'>ante</span> <span class='ocrx_word' id='word_1_99' title='bbox 872 1414 1076 1459; x_wconf 88' lang='lat' dir='ltr'>omnes</span> <span class='ocrx_word' id='word_1_100' title='bbox 1112 1418 1260 1461; x_wconf 83' lang='lat' dir='ltr'>nune</span> <span class='ocrx_word' id='word_1_101' title='bbox 1306 1402 1501 1460; x_wconf 88' lang='lat' dir='ltr'>matris</span> <span class='ocrx_word' id='word_1_102' title='bbox 1543 1399 1615 1460; x_wconf 87' lang='lat' dir='ltr'>ad</span> <span class='ocrx_word' id='word_1_103' title='bbox 1656 1400 1860 1460; x_wconf 85' lang='lat' dir='ltr'>oscula</span> <span class='ocrx_word' id='word_1_104' title='bbox 1897 1416 2127 1473; x_wconf 78' lang='lat' dir='ltr'>versus,</span> 
     </span>
     <span class='ocr_line' id='line_1_17' title="bbox 178 1482 2171 1563; baseline 0.002 -21"><span class='ocrx_word' id='word_1_105' title='bbox 178 1482 350 1543; x_wconf 89' lang='lat' dir='ltr'>Nunc</span> <span class='ocrx_word' id='word_1_106' title='bbox 387 1483 543 1543; x_wconf 85' lang='lat' dir='ltr'>rudis</span> <span class='ocrx_word' id='word_1_107' title='bbox 585 1483 879 1558; x_wconf 76' lang='lat' dir='ltr'>Ismenes,</span> <span class='ocrx_word' id='word_1_108' title='bbox 921 1484 1405 1545; x_wconf 80' lang='lat' dir='ltr'>nunessebiliora</span> <span class='ocrx_word' id='word_1_109' title='bbox 1447 1486 1741 1563; x_wconf 82' lang='lat' dir='ltr'>precantis</span> <span class='ocrx_word' id='word_1_110' title='bbox 2069 1492 2171 1546; x_wconf 71' lang='lat'>535</span> 
     </span>
     <span class='ocr_line' id='line_1_18' title="bbox 179 1567 1768 1647; baseline 0.002 -21"><span class='ocrx_word' id='word_1_111' title='bbox 179 1567 541 1645; x_wconf 82' lang='lat' dir='ltr'>Antigones,</span> <span class='ocrx_word' id='word_1_112' title='bbox 586 1570 864 1647; x_wconf 83' lang='lat' dir='ltr'>variaque</span> <span class='ocrx_word' id='word_1_113' title='bbox 910 1569 1151 1628; x_wconf 89' lang='lat' dir='ltr'>animum</span> <span class='ocrx_word' id='word_1_114' title='bbox 1194 1569 1463 1629; x_wconf 83' lang='lat' dir='ltr'>turbante</span> <span class='ocrx_word' id='word_1_115' title='bbox 1501 1569 1768 1647; x_wconf 88' lang='lat' dir='ltr'>procella</span> 
     </span>
     <span class='ocr_line' id='line_1_19' title="bbox 94 1651 1798 1730; baseline 0 -17"><span class='ocrx_word' id='word_1_116' title='bbox 94 1657 107 1667; x_wconf 82' lang='lat'><strong><em>&#39;</em></strong></span> <span class='ocrx_word' id='word_1_117' title='bbox 176 1651 499 1714; x_wconf 80' lang='lat' dir='ltr'>Exciderat</span> <span class='ocrx_word' id='word_1_118' title='bbox 540 1670 810 1729; x_wconf 79' lang='lat' dir='ltr'>regnum3</span> <span class='ocrx_word' id='word_1_119' title='bbox 857 1654 1014 1730; x_wconf 84' lang='lat' dir='ltr'>cupit</span> <span class='ocrx_word' id='word_1_120' title='bbox 1050 1654 1172 1728; x_wconf 77' lang='lat' dir='ltr'>ire,</span> <span class='ocrx_word' id='word_1_121' title='bbox 1224 1662 1285 1712; x_wconf 87' lang='lat' dir='ltr'>et</span> <span class='ocrx_word' id='word_1_122' title='bbox 1323 1654 1475 1713; x_wconf 75' lang='lat' dir='ltr'>mitis</span> <span class='ocrx_word' id='word_1_123' title='bbox 1516 1652 1798 1714; x_wconf 85' lang='lat' dir='ltr'>Adrastus</span> 
     </span>
     <span class='ocr_line' id='line_1_20' title="bbox 178 1735 1960 1816; baseline 0.001 -20"><span class='ocrx_word' id='word_1_124' title='bbox 178 1736 315 1797; x_wconf 90' lang='lat' dir='ltr'>Non</span> <span class='ocrx_word' id='word_1_125' title='bbox 354 1745 541 1807; x_wconf 78' lang='lat' dir='ltr'>vetat3</span> <span class='ocrx_word' id='word_1_126' title='bbox 598 1737 696 1797; x_wconf 87' lang='lat' dir='ltr'>hic</span> <span class='ocrx_word' id='word_1_127' title='bbox 736 1737 921 1796; x_wconf 85' lang='lat' dir='ltr'>iustae</span> <span class='ocrx_word' id='word_1_128' title='bbox 968 1735 1203 1811; x_wconf 74' lang='lat' dir='ltr'>Tydeus</span> <span class='ocrx_word' id='word_1_129' title='bbox 1248 1754 1472 1810; x_wconf 77' lang='lat' dir='ltr'>memor</span> <span class='ocrx_word' id='word_1_130' title='bbox 1516 1747 1767 1816; x_wconf 86' lang='lat' dir='ltr'>occupat</span> <span class='ocrx_word' id='word_1_131' title='bbox 1806 1739 1960 1797; x_wconf 88' lang='lat' dir='ltr'>irae:</span> 
     </span>
    </p>

    <p class='ocr_par' dir='ltr' id='par_1_12' title="bbox 175 1819 2175 2578">
     <span class='ocr_line' id='line_1_21' title="bbox 313 1819 1824 1901; baseline 0 -20"><span class='ocrx_word' id='word_1_132' title='bbox 313 1819 445 1881; x_wconf 72' lang='lat' dir='ltr'>‘Me</span> <span class='ocrx_word' id='word_1_133' title='bbox 484 1822 681 1901; x_wconf 90' lang='lat' dir='ltr'>potius</span> <span class='ocrx_word' id='word_1_134' title='bbox 721 1822 905 1897; x_wconf 81' lang='lat' dir='ltr'>socii,</span> <span class='ocrx_word' id='word_1_135' title='bbox 953 1821 1051 1899; x_wconf 88' lang='lat' dir='ltr'>qui</span> <span class='ocrx_word' id='word_1_136' title='bbox 1092 1820 1266 1880; x_wconf 80' lang='lat' dir='ltr'>fidum</span> <span class='ocrx_word' id='word_1_137' title='bbox 1309 1820 1597 1882; x_wconf 87' lang='lat' dir='ltr'>Eteoclea</span> <span class='ocrx_word' id='word_1_138' title='bbox 1639 1840 1824 1900; x_wconf 84' lang='lat' dir='ltr'>nuper</span> 
     </span>
     <span class='ocr_line' id='line_1_22' title="bbox 177 1904 2175 1985; baseline 0.001 -20"><span class='ocrx_word' id='word_1_139' title='bbox 177 1904 510 1985; x_wconf 75' lang='lat' dir='ltr'>Expertus,</span> <span class='ocrx_word' id='word_1_140' title='bbox 553 1924 671 1966; x_wconf 88' lang='lat' dir='ltr'>nec</span> <span class='ocrx_word' id='word_1_141' title='bbox 708 1906 890 1965; x_wconf 78' lang='lat' dir='ltr'>frater</span> <span class='ocrx_word' id='word_1_142' title='bbox 927 1923 1115 1980; x_wconf 85' lang='lat' dir='ltr'>eram,</span> <span class='ocrx_word' id='word_1_143' title='bbox 1154 1923 1248 1965; x_wconf 89' lang='lat' dir='ltr'>me</span> <span class='ocrx_word' id='word_1_144' title='bbox 1293 1908 1574 1984; x_wconf 85' lang='lat' dir='ltr'>opponite</span> <span class='ocrx_word' id='word_1_145' title='bbox 1617 1908 1783 1983; x_wconf 81' lang='lat' dir='ltr'>regi,</span> <span class='ocrx_word' id='word_1_146' title='bbox 2069 1913 2175 1968; x_wconf 77' lang='lat'>540</span> 
     </span>
     <span class='ocr_line' id='line_1_23' title="bbox 183 1987 1961 2070; baseline 0 -21"><span class='ocrx_word' id='word_1_147' title='bbox 183 1987 361 2050; x_wconf 85' lang='lat' dir='ltr'>Cuius</span> <span class='ocrx_word' id='word_1_148' title='bbox 398 1990 584 2051; x_wconf 86' lang='lat' dir='ltr'>adhuc</span> <span class='ocrx_word' id='word_1_149' title='bbox 621 2007 828 2070; x_wconf 87' lang='lat' dir='ltr'>pacem</span> <span class='ocrx_word' id='word_1_150' title='bbox 869 1991 1167 2067; x_wconf 79' lang='lat' dir='ltr'>egregiam</span> <span class='ocrx_word' id='word_1_151' title='bbox 1211 1999 1271 2049; x_wconf 90' lang='lat' dir='ltr'>et</span> <span class='ocrx_word' id='word_1_152' title='bbox 1313 1990 1467 2051; x_wconf 78' lang='lat' dir='ltr'>bona</span> <span class='ocrx_word' id='word_1_153' title='bbox 1504 1990 1749 2051; x_wconf 82' lang='lat' dir='ltr'>foedera</span> <span class='ocrx_word' id='word_1_154' title='bbox 1789 1999 1961 2067; x_wconf 82' lang='lat' dir='ltr'>gesto</span> 
     </span>
     <span class='ocr_line' id='line_1_24' title="bbox 178 2073 1942 2154; baseline 0 -19"><span class='ocrx_word' id='word_1_155' title='bbox 178 2074 432 2136; x_wconf 88' lang='lat' dir='ltr'>Pectore</span> <span class='ocrx_word' id='word_1_156' title='bbox 476 2077 533 2134; x_wconf 89' lang='lat' dir='ltr'>in</span> <span class='ocrx_word' id='word_1_157' title='bbox 573 2076 706 2135; x_wconf 86' lang='lat' dir='ltr'>hoc.</span> <span class='ocrx_word' id='word_1_158' title='bbox 793 2073 906 2134; x_wconf 75' lang='lat' dir='ltr'>Ubi</span> <span class='ocrx_word' id='word_1_159' title='bbox 947 2083 1083 2135; x_wconf 85' lang='lat' dir='ltr'>tunc</span> <span class='ocrx_word' id='word_1_160' title='bbox 1126 2074 1262 2135; x_wconf 83' lang='lat' dir='ltr'>fidei</span> <span class='ocrx_word' id='word_1_161' title='bbox 1306 2076 1585 2154; x_wconf 78' lang='lat' dir='ltr'>pacisque</span> <span class='ocrx_word' id='word_1_162' title='bbox 1630 2084 1942 2153; x_wconf 87' lang='lat' dir='ltr'>sequestra</span> 
     </span>
     <span class='ocr_line' id='line_1_25' title="bbox 177 2157 2004 2239; baseline -0.001 -20"><span class='ocrx_word' id='word_1_163' title='bbox 177 2157 366 2221; x_wconf 79' lang='lat' dir='ltr'>Mater</span> <span class='ocrx_word' id='word_1_164' title='bbox 409 2178 574 2236; x_wconf 87' lang='lat' dir='ltr'>eras,</span> <span class='ocrx_word' id='word_1_165' title='bbox 621 2159 880 2239; x_wconf 87' lang='lat' dir='ltr'>pulchris</span> <span class='ocrx_word' id='word_1_166' title='bbox 926 2177 1098 2237; x_wconf 89' lang='lat' dir='ltr'>quum</span> <span class='ocrx_word' id='word_1_167' title='bbox 1136 2177 1230 2219; x_wconf 89' lang='lat' dir='ltr'>me</span> <span class='ocrx_word' id='word_1_168' title='bbox 1267 2177 1384 2221; x_wconf 83' lang='lat' dir='ltr'>nox</span> <span class='ocrx_word' id='word_1_169' title='bbox 1421 2170 1618 2221; x_wconf 85' lang='lat' dir='ltr'>vestra</span> <span class='ocrx_word' id='word_1_170' title='bbox 1651 2168 1872 2220; x_wconf 83' lang='lat' dir='ltr'>morata</span> <span class='ocrx_word' id='word_1_171' title='bbox 1915 2166 2004 2218; x_wconf 86' lang='lat' dir='ltr'>est</span> 
     </span>
     <span class='ocr_line' id='line_1_26' title="bbox 179 2240 1965 2323; baseline -0.001 -19"><span class='ocrx_word' id='word_1_172' title='bbox 179 2241 506 2323; x_wconf 79' lang='lat' dir='ltr'>Hospitiis?</span> <span class='ocrx_word' id='word_1_173' title='bbox 562 2263 770 2323; x_wconf 86' lang='lat' dir='ltr'>nempe</span> <span class='ocrx_word' id='word_1_174' title='bbox 814 2241 964 2304; x_wconf 91' lang='lat' dir='ltr'>haec</span> <span class='ocrx_word' id='word_1_175' title='bbox 999 2244 1179 2305; x_wconf 85' lang='lat' dir='ltr'>trahis</span> <span class='ocrx_word' id='word_1_176' title='bbox 1222 2245 1298 2305; x_wconf 88' lang='lat' dir='ltr'>ad</span> <span class='ocrx_word' id='word_1_177' title='bbox 1342 2246 1689 2305; x_wconf 89' lang='lat' dir='ltr'>commercia</span> <span class='ocrx_word' id='word_1_178' title='bbox 1720 2240 1965 2304; x_wconf 74' lang='lat' dir='ltr'>-natum‘l</span> 
     </span>
     <span class='ocr_line' id='line_1_27' title="bbox 178 2327 2172 2408; baseline 0 -19"><span class='ocrx_word' id='word_1_179' title='bbox 178 2327 311 2389; x_wconf 89' lang='lat' dir='ltr'>Duc</span> <span class='ocrx_word' id='word_1_180' title='bbox 353 2327 515 2389; x_wconf 86' lang='lat' dir='ltr'>illum</span> <span class='ocrx_word' id='word_1_181' title='bbox 553 2330 612 2388; x_wconf 89' lang='lat' dir='ltr'>in</span> <span class='ocrx_word' id='word_1_182' title='bbox 656 2346 951 2408; x_wconf 79' lang='lat' dir='ltr'>campum,</span> <span class='ocrx_word' id='word_1_183' title='bbox 993 2338 1197 2389; x_wconf 81' lang='lat' dir='ltr'>vestro</span> <span class='ocrx_word' id='word_1_184' title='bbox 1246 2331 1345 2408; x_wconf 85' lang='lat' dir='ltr'>qui</span> <span class='ocrx_word' id='word_1_185' title='bbox 1391 2330 1672 2407; x_wconf 80' lang='lat' dir='ltr'>sanguine</span> <span class='ocrx_word' id='word_1_186' title='bbox 1710 2329 1939 2408; x_wconf 78' lang='lat' dir='ltr'>pinguis</span> <span class='ocrx_word' id='word_1_187' title='bbox 2068 2334 2172 2390; x_wconf 75' lang='lat'>545</span> 
     </span>
     <span class='ocr_line' id='line_1_28' title="bbox 179 2413 1889 2493; baseline -0.001 -19"><span class='ocrx_word' id='word_1_188' title='bbox 179 2413 377 2491; x_wconf 83' lang='lat' dir='ltr'>Spirat</span> <span class='ocrx_word' id='word_1_189' title='bbox 411 2413 598 2474; x_wconf 82' lang='lat' dir='ltr'>adhuc</span> <span class='ocrx_word' id='word_1_190' title='bbox 640 2415 986 2492; x_wconf 76' lang='lat' dir='ltr'>pinguisque</span> <span class='ocrx_word' id='word_1_191' title='bbox 1026 2430 1179 2474; x_wconf 83' lang='lat' dir='ltr'>meo.</span> <span class='ocrx_word' id='word_1_192' title='bbox 1272 2413 1358 2474; x_wconf 87' lang='lat' dir='ltr'>Tu</span> <span class='ocrx_word' id='word_1_193' title='bbox 1402 2430 1580 2493; x_wconf 77' lang='lat' dir='ltr'>porro</span> <span class='ocrx_word' id='word_1_194' title='bbox 1623 2415 1889 2492; x_wconf 83' lang='lat' dir='ltr'>sequeris</span> 
     </span>
     <span class='ocr_line' id='line_1_29' title="bbox 175 2496 1725 2578; baseline -0.002 -18"><span class='ocrx_word' id='word_1_195' title='bbox 175 2496 307 2560; x_wconf 80' lang='lat' dir='ltr'>Heu</span> <span class='ocrx_word' id='word_1_196' title='bbox 349 2498 580 2557; x_wconf 86' lang='lat' dir='ltr'>nimium</span> <span class='ocrx_word' id='word_1_197' title='bbox 617 2500 806 2575; x_wconf 77' lang='lat' dir='ltr'>mitis,</span> <span class='ocrx_word' id='word_1_198' title='bbox 847 2500 1192 2578; x_wconf 78' lang='lat' dir='ltr'>nimiumque</span> <span class='ocrx_word' id='word_1_199' title='bbox 1230 2499 1414 2560; x_wconf 87' lang='lat' dir='ltr'>oblite</span> <span class='ocrx_word' id='word_1_200' title='bbox 1456 2496 1725 2559; x_wconf 80' lang='lat' dir='ltr'>tuorum?</span> 
     </span>
    </p>

    <p class='ocr_par' dir='ltr' id='par_1_13' title="bbox 176 2582 1863 2745">
     <span class='ocr_line' id='line_1_30' title="bbox 180 2582 1863 2662; baseline 0 -20"><span class='ocrx_word' id='word_1_201' title='bbox 180 2582 425 2642; x_wconf 88' lang='lat' dir='ltr'>Scilicet</span> <span class='ocrx_word' id='word_1_202' title='bbox 461 2582 709 2643; x_wconf 82' lang='lat' dir='ltr'>infestae</span> <span class='ocrx_word' id='word_1_203' title='bbox 751 2600 923 2662; x_wconf 87' lang='lat' dir='ltr'>quum</span> <span class='ocrx_word' id='word_1_204' title='bbox 959 2593 1018 2643; x_wconf 89' lang='lat' dir='ltr'>te</span> <span class='ocrx_word' id='word_1_205' title='bbox 1065 2585 1282 2643; x_wconf 87' lang='lat' dir='ltr'>circum</span> <span class='ocrx_word' id='word_1_206' title='bbox 1325 2583 1575 2661; x_wconf 78' lang='lat' dir='ltr'>undique</span> <span class='ocrx_word' id='word_1_207' title='bbox 1621 2583 1863 2643; x_wconf 81' lang='lat' dir='ltr'>dextrae</span> 
     </span>
     <span class='ocr_line' id='line_1_31' title="bbox 176 2664 1822 2745; baseline 0.001 -20"><span class='ocrx_word' id='word_1_208' title='bbox 176 2665 487 2727; x_wconf 75' lang='lat' dir='ltr'>Nudabant</span> <span class='ocrx_word' id='word_1_209' title='bbox 532 2686 740 2743; x_wconf 78' lang='lat' dir='ltr'>enses,</span> <span class='ocrx_word' id='word_1_210' title='bbox 791 2666 941 2727; x_wconf 77' lang='lat' dir='ltr'>haec</span> <span class='ocrx_word' id='word_1_211' title='bbox 975 2665 1139 2726; x_wconf 87' lang='lat' dir='ltr'>flebit</span> <span class='ocrx_word' id='word_1_212' title='bbox 1183 2676 1243 2726; x_wconf 86' lang='lat' dir='ltr'>et</span> <span class='ocrx_word' id='word_1_213' title='bbox 1285 2684 1443 2728; x_wconf 81' lang='lat' dir='ltr'>arma</span> <span class='ocrx_word' id='word_1_214' title='bbox 1479 2664 1822 2745; x_wconf 80' lang='lat' dir='ltr'>quiescent?</span> 
     </span>
    </p>

    <p class='ocr_par' dir='ltr' id='par_1_14' title="bbox 177 2750 2172 2914">
     <span class='ocr_line' id='line_1_32' title="bbox 180 2750 2172 2827; baseline 0.003 -16"><span class='ocrx_word' id='word_1_215' title='bbox 180 2750 342 2811; x_wconf 87' lang='lat' dir='ltr'>Tene</span> <span class='ocrx_word' id='word_1_216' title='bbox 384 2751 519 2827; x_wconf 85' lang='lat' dir='ltr'>ille,</span> <span class='ocrx_word' id='word_1_217' title='bbox 563 2751 679 2811; x_wconf 89' lang='lat' dir='ltr'>heu</span> <span class='ocrx_word' id='word_1_218' title='bbox 723 2752 998 2827; x_wconf 71' lang='lat' dir='ltr'>demens,</span> <span class='ocrx_word' id='word_1_219' title='bbox 1037 2752 1221 2811; x_wconf 86' lang='lat' dir='ltr'>semel</span> <span class='ocrx_word' id='word_1_220' title='bbox 1264 2753 1408 2812; x_wconf 84' lang='lat' dir='ltr'>intra</span> <span class='ocrx_word' id='word_1_221' title='bbox 1443 2753 1671 2813; x_wconf 89' lang='lat' dir='ltr'>moenia</span> <span class='ocrx_word' id='word_1_222' title='bbox 1714 2753 1972 2814; x_wconf 88' lang='lat' dir='ltr'>clausum</span> <span class='ocrx_word' id='word_1_223' title='bbox 2066 2763 2172 2816; x_wconf 81' lang='lat'>550</span> 
     </span>
     <span class='ocr_line' id='line_1_33' title="bbox 177 2834 1756 2914; baseline 0 -18"><span class='ocrx_word' id='word_1_224' title='bbox 177 2835 641 2914; x_wconf 84' lang='lat' dir='ltr'>Possessumque</span> <span class='ocrx_word' id='word_1_225' title='bbox 681 2835 831 2897; x_wconf 90' lang='lat' dir='ltr'>odiis</span> <span class='ocrx_word' id='word_1_226' title='bbox 869 2835 1089 2912; x_wconf 80' lang='lat' dir='ltr'>Argiva</span> <span class='ocrx_word' id='word_1_227' title='bbox 1131 2838 1187 2895; x_wconf 87' lang='lat' dir='ltr'>in</span> <span class='ocrx_word' id='word_1_228' title='bbox 1230 2846 1421 2897; x_wconf 87' lang='lat' dir='ltr'>castra</span> <span class='ocrx_word' id='word_1_229' title='bbox 1461 2834 1756 2898; x_wconf 79' lang='lat' dir='ltr'>remittet?</span> 
     </span>
    </p>

    <p class='ocr_par' dir='ltr' id='par_1_15' title="bbox 175 2920 1789 2998">
     <span class='ocr_line' id='line_1_34' title="bbox 175 2920 1789 2998; baseline 0.001 -18"><span class='ocrx_word' id='word_1_230' title='bbox 175 2920 332 2981; x_wconf 85' lang='lat' dir='ltr'>Ante</span> <span class='ocrx_word' id='word_1_231' title='bbox 378 2920 526 2981; x_wconf 88' lang='lat' dir='ltr'>haec</span> <span class='ocrx_word' id='word_1_232' title='bbox 569 2937 824 2981; x_wconf 82' lang='lat' dir='ltr'>excusso</span> <span class='ocrx_word' id='word_1_233' title='bbox 863 2920 1201 2980; x_wconf 82' lang='lat' dir='ltr'>frondescet</span> <span class='ocrx_word' id='word_1_234' title='bbox 1241 2921 1446 2983; x_wconf 85' lang='lat' dir='ltr'>lancea</span> <span class='ocrx_word' id='word_1_235' title='bbox 1487 2921 1684 2998; x_wconf 82' lang='lat' dir='ltr'>ferro,</span> <span class='ocrx_word' id='word_1_236' title='bbox 1785 2951 1789 2956; x_wconf 94' lang='lat'><em>·</em></span> 
     </span>
    </p>

    <p class='ocr_par' dir='ltr' id='par_1_16' title="bbox 174 3004 1797 3083">
     <span class='ocr_line' id='line_1_35' title="bbox 174 3004 1797 3083; baseline 0 -18"><span class='ocrx_word' id='word_1_237' title='bbox 174 3004 426 3066; x_wconf 86' lang='lat' dir='ltr'>Inachus</span> <span class='ocrx_word' id='word_1_238' title='bbox 465 3014 596 3065; x_wconf 81' lang='lat' dir='ltr'>ante</span> <span class='ocrx_word' id='word_1_239' title='bbox 640 3014 802 3065; x_wconf 88' lang='lat' dir='ltr'>retro</span> <span class='ocrx_word' id='word_1_240' title='bbox 843 3013 1162 3083; x_wconf 78' lang='lat' dir='ltr'>nosterque</span> <span class='ocrx_word' id='word_1_241' title='bbox 1205 3004 1507 3067; x_wconf 75' lang='lat' dir='ltr'>Achelous</span> <span class='ocrx_word' id='word_1_242' title='bbox 1545 3005 1797 3067; x_wconf 87' lang='lat' dir='ltr'>abibunt.</span> 
     </span>
    </p>

    <p class='ocr_par' dir='ltr' id='par_1_17' title="bbox 171 3089 2169 3337">
     <span class='ocr_line' id='line_1_36' title="bbox 176 3089 2023 3170; baseline 0 -20"><span class='ocrx_word' id='word_1_243' title='bbox 176 3090 298 3150; x_wconf 89' lang='lat' dir='ltr'>Sed</span> <span class='ocrx_word' id='word_1_244' title='bbox 339 3091 476 3150; x_wconf 88' lang='lat' dir='ltr'>mite</span> <span class='ocrx_word' id='word_1_245' title='bbox 521 3089 840 3169; x_wconf 75' lang='lat' dir='ltr'>alloquium</span> <span class='ocrx_word' id='word_1_246' title='bbox 872 3097 931 3148; x_wconf 93' lang='lat' dir='ltr'>et</span> <span class='ocrx_word' id='word_1_247' title='bbox 975 3090 1170 3149; x_wconf 84' lang='lat' dir='ltr'>saevis</span> <span class='ocrx_word' id='word_1_248' title='bbox 1205 3107 1323 3168; x_wconf 84' lang='lat' dir='ltr'>pax</span> <span class='ocrx_word' id='word_1_249' title='bbox 1364 3091 1660 3170; x_wconf 70' lang='lat' dir='ltr'>quaeritur</span> <span class='ocrx_word' id='word_1_250' title='bbox 1698 3092 1904 3166; x_wconf 81' lang='lat' dir='ltr'>armis,</span> <span class='ocrx_word' id='word_1_251' title='bbox 2006 3101 2023 3126; x_wconf 78' lang='lat'>⁸</span> 
     </span>
     <span class='ocr_line' id='line_1_37' title="bbox 174 3174 2169 3252; baseline 0.002 -18"><span class='ocrx_word' id='word_1_252' title='bbox 174 3174 339 3234; x_wconf 89' lang='lat' dir='ltr'>Haec</span> <span class='ocrx_word' id='word_1_253' title='bbox 385 3191 619 3252; x_wconf 88' lang='lat' dir='ltr'>quoque</span> <span class='ocrx_word' id='word_1_254' title='bbox 665 3184 855 3235; x_wconf 84' lang='lat' dir='ltr'>eastra</span> <span class='ocrx_word' id='word_1_255' title='bbox 902 3182 1133 3252; x_wconf 81' lang='lat' dir='ltr'>patent,</span> <span class='ocrx_word' id='word_1_256' title='bbox 1178 3174 1425 3238; x_wconf 66' lang='lat' dir='ltr'>necdum</span> <span class='ocrx_word' id='word_1_257' title='bbox 1464 3193 1734 3236; x_wconf 83' lang='lat' dir='ltr'>meruere</span> <span class='ocrx_word' id='word_1_258' title='bbox 1771 3174 1980 3235; x_wconf 87' lang='lat' dir='ltr'>timeri.</span> <span class='ocrx_word' id='word_1_259' title='bbox 2066 3183 2169 3238; x_wconf 66' lang='lat'>555</span> 
     </span>
     <span class='ocr_line' id='line_1_38' title="bbox 171 3255 1894 3337; baseline -0.001 -19"><span class='ocrx_word' id='word_1_260' title='bbox 171 3258 268 3319; x_wconf 91' lang='lat' dir='ltr'>An</span> <span class='ocrx_word' id='word_1_261' title='bbox 311 3266 624 3337; x_wconf 87' lang='lat' dir='ltr'>suspectus</span> <span class='ocrx_word' id='word_1_262' title='bbox 666 3255 826 3336; x_wconf 75' lang='lat' dir='ltr'>ego?</span> <span class='ocrx_word' id='word_1_263' title='bbox 865 3258 1121 3320; x_wconf 87' lang='lat' dir='ltr'>abscedo</span> <span class='ocrx_word' id='word_1_264' title='bbox 1169 3267 1229 3320; x_wconf 91' lang='lat' dir='ltr'>et</span> <span class='ocrx_word' id='word_1_265' title='bbox 1265 3277 1394 3320; x_wconf 90' lang='lat' dir='ltr'>mea</span> <span class='ocrx_word' id='word_1_266' title='bbox 1435 3260 1677 3321; x_wconf 77' lang='lat' dir='ltr'>vulnera</span> <span class='ocrx_word' id='word_1_267' title='bbox 1718 3260 1894 3320; x_wconf 82' lang='lat' dir='ltr'>dono.</span> 
     </span>
    </p>

    <p class='ocr_par' dir='ltr' id='par_1_18' title="bbox 173 3342 1833 3425">
     <span class='ocr_line' id='line_1_39' title="bbox 173 3342 1833 3425; baseline 0 -22"><span class='ocrx_word' id='word_1_268' title='bbox 173 3342 359 3404; x_wconf 88' lang='lat' dir='ltr'>Intret</span> <span class='ocrx_word' id='word_1_269' title='bbox 401 3353 460 3402; x_wconf 90' lang='lat' dir='ltr'>et</span> <span class='ocrx_word' id='word_1_270' title='bbox 493 3342 588 3403; x_wconf 89' lang='lat' dir='ltr'>hic</span> <span class='ocrx_word' id='word_1_271' title='bbox 626 3344 898 3421; x_wconf 82' lang='lat' dir='ltr'>genetrix</span> <span class='ocrx_word' id='word_1_272' title='bbox 941 3343 1146 3404; x_wconf 84' lang='lat' dir='ltr'>eadem</span> <span class='ocrx_word' id='word_1_273' title='bbox 1188 3344 1532 3425; x_wconf 80' lang='lat' dir='ltr'>mediaeque</span> <span class='ocrx_word' id='word_1_274' title='bbox 1571 3361 1833 3404; x_wconf 85' lang='lat' dir='ltr'>sorores.</span> 
     </span>
    </p>

    <p class='ocr_par' dir='ltr' id='par_1_19' title="bbox 169 3424 1718 3507">
     <span class='ocr_line' id='line_1_40' title="bbox 169 3424 1718 3507; baseline 0 -20"><span class='ocrx_word' id='word_1_275' title='bbox 169 3424 355 3505; x_wconf 81' lang='lat' dir='ltr'>Finge</span> <span class='ocrx_word' id='word_1_276' title='bbox 397 3436 589 3488; x_wconf 88' lang='lat' dir='ltr'>autem</span> <span class='ocrx_word' id='word_1_277' title='bbox 631 3429 820 3507; x_wconf 71' lang='lat' dir='ltr'>pactis</span> <span class='ocrx_word' id='word_1_278' title='bbox 861 3429 1108 3490; x_wconf 77' lang='lat' dir='ltr'>evictum</span> <span class='ocrx_word' id='word_1_279' title='bbox 1152 3430 1446 3492; x_wconf 80' lang='lat' dir='ltr'>excedere</span> <span class='ocrx_word' id='word_1_280' title='bbox 1489 3429 1718 3507; x_wconf 80' lang='lat' dir='ltr'>regnis,</span> 
     </span>
    </p>
   </div>
  </div>
 </body>
</html>
