2517 3909
279 149 359 214 16
956 148 1016 203 P.
1055 149 1280 203 PAPIN
1280 149 1334 203 11
1372 148 1612 204 STATII

272 294 619 360 Deidamia
664 293 847 359 chori
891 293 1309 378 pulchrisque
1355 294 1687 359 sororibus
1735 295 1975 360 obstat.

269 383 463 449 Illius
510 387 578 448 et
619 405 809 449 roseo
856 383 1230 448 flammatur
1273 404 1565 468 purpura
1606 383 1794 448 vultu

271 471 363 538 Et
407 472 683 558 gemmis
728 472 843 536 lux
889 471 1097 536 maior
1140 471 1314 536 inest
1359 476 1426 536 et
1471 472 1775 537 blandius
1825 494 2083 538 aurum:

273 561 490 645 Atque
536 561 668 645 ipsi
712 582 832 644 par
875 560 1089 625 forma
1134 560 1384 645 deaest‚
1430 561 1487 624 si
1532 560 1814 645 pectoris
1861 581 2108 647 angues

272 649 486 715 Ponat
533 654 599 714 et
646 654 946 732 exempta
988 653 1257 733 pacetur
1304 649 1557 714 casside
1602 648 1841 715 vultus.
2204 667 2314 717 300

270 737 459 803 Hanc
505 739 618 804 ubi
666 739 1004 804 ducentem
1050 738 1245 823 longe
1294 738 1470 803 socia
1516 738 1782 824 agmina
1824 738 1990 804 vidit

274 826 453 894 Trux
496 850 655 912 puer
701 830 768 893 et
809 827 992 892 nullo
1037 830 1394 891 temeratus
1439 830 1708 912 pectora
1750 830 1961 910 motu,

273 914 579 1001 Deriguit
621 917 910 1000 totisque
954 938 1199 981 novum
1243 916 1416 981 bibit
1462 916 1721 980 ossibus
1767 915 2004 1003 ignem.

271 1003 413 1071 Nec
457 1007 626 1071 latet
669 1005 942 1070 haustus
990 1027 1197 1088 amor,
1245 1003 1358 1070 sed
1401 1003 1515 1069 fax
1560 1004 1818 1070 vibrata
1861 1004 2199 1070 medullis.

269 1092 350 1158 In
396 1095 614 1160 vultus
663 1097 857 1178 atque
905 1115 1021 1158 ora
1064 1093 1235 1158 redit
1281 1094 1619 1178 lucemque
1665 1114 1979 1179 genarum
2202 1110 2313 1161 305

274 1183 499 1268 Tingit
545 1185 611 1246 et
655 1183 1008 1267 impulsam
1052 1183 1237 1247 tenui
1282 1182 1512 1247 sudore
1557 1186 1867 1266 pererrat.

271 1271 515 1337 Lactea
558 1269 968 1372 Massagetae
1015 1271 1219 1336 veluti
1267 1292 1412 1335 cum
1457 1271 1694 1355 pocula
1736 1270 1963 1337 fucant

273 1358 602 1446 Sanguine
646 1360 922 1443 puniceo
970 1360 1074 1424 vel
1121 1359 1282 1424 ebur
1327 1360 1766 1445 corrumpitur
1812 1362 2019 1425 ostro:

275 1446 381 1514 Sic
427 1448 629 1513 variis
674 1447 1025 1513 manifesta
1067 1449 1244 1514 notis
1289 1449 1624 1533 palletque
1668 1449 1984 1533 rubetque

271 1536 568 1602 Flamma
593 1558 846 1621 repens.
882 1535 1012 1601 Eat
1041 1539 1235 1621 atque
1260 1538 1437 1604 ultro
1464 1537 1641 1602 ferus
1669 1538 1936 1622 hospita
1958 1560 2145 1603 sacra
2199 1546 2308 1604 310

271 1625 589 1694 Dissiciat
631 1625 862 1691 turbae
910 1647 1170 1691 securus
1217 1630 1284 1691 et
1328 1624 1670 1692 immemor
1717 1627 1887 1711 aevi,

269 1714 360 1781 Ni
402 1714 611 1799 pudor
658 1718 724 1781 et
766 1715 1022 1780 iunctae
1068 1719 1291 1781 teneat
1335 1715 1699 1781 reverentia
1743 1715 1994 1781 matris.

271 1802 365 1868 Ut
408 1806 593 1888 pater
639 1804 919 1869 armenti
964 1805 1291 1888 quondam
1337 1804 1690 1890 ductorque
1734 1803 2021 1889 futurus,

272 1889 395 1956 Oui
438 1893 729 1958 nondum
774 1896 917 1960 toto
964 1897 1364 1980 peraguntur
1410 1914 1652 1958 cornua
1699 1913 1865 1978 gyro
1880 1944 1900 1978 ‚

272 1978 439 2046 Cum
485 1982 731 2047 sociam
774 1986 1003 2067 pastus
1047 1983 1240 2048 niveo
1287 1982 1566 2047 candore
1610 1983 1953 2048 iuvencam
2198 1999 2306 2049 316

269 2070 556 2155 Aspicit,
604 2070 953 2136 ardescunt
996 2071 1199 2135 animi
1252 2070 1632 2155 primusque
1677 2092 1794 2156 per
1840 2092 1957 2137 ora

271 2156 549 2244 Spumat
596 2181 804 2243 amor,
851 2163 1151 2244 spectant
1196 2160 1438 2225 hilares
1486 2160 1878 2246 obstantque
1924 2159 2245 2245 magistri.

359 2246 653 2333 Occupat
698 2253 957 2333 arrepto
1001 2249 1134 2313 iam
1180 2248 1442 2315 conscia
1483 2252 1777 2334 tempore
1823 2253 2062 2314 mater:

269 2334 517 2402 ‘Hasne
561 2337 736 2401 inter
784 2337 1090 2403 simulare
1136 2337 1370 2403 choros
1418 2341 1485 2403 et
1529 2337 1801 2404 brachia
1844 2337 1998 2402 ludo

267 2423 563 2510 Nectere‚
608 2429 780 2511 nate,
815 2446 1012 2512 grave
1050 2427 1193 2491 est?
1232 2426 1452 2513 gelida
1481 2426 1636 2511 quid
1663 2426 1795 2492 tale
1825 2426 1946 2491 sub
1974 2425 2144 2492 Ossa
2197 2442 2303 2492 320

412 2607 515 2656 299
570 2601 732 2657 deest
775 2607 816 2654 P
878 2601 1018 2657 deae
1062 2603 1223 2657 ceteri
1287 2602 1483 2657 deaest
1526 2602 1726 2671 scripsi
1767 2602 1789 2671 ss
1835 2606 1939 2656 300
1994 2602 2229 2670 pacetur
2263 2605 2304 2652 P

2164 2683 2240 2713 mo

264 2727 357 2791 (ut
393 2742 530 2780 corr.
567 2725 720 2781 Dan.
759 2725 1053 2795 Heinsius)
1091 2726 1348 2795 placetur
1383 2727 1545 2781 ceteri
1583 2726 1593 2794 1
1639 2723 1864 2795 capside
1895 2730 1936 2777 P
1961 2727 1983 2793 11
2008 2730 2111 2781 302
2141 2726 2305 2781 vultu

268 2802 309 2849 P
334 2798 355 2866 n
382 2802 484 2851 303
522 2796 773 2867 Diriguit
806 2798 961 2853 codd.
1025 2796 1286 2866 Deriguit
1321 2798 1522 2867 scripsi
1557 2798 1675 2852 coll.
1729 2796 1892 2852 Theb.
1934 2796 1988 2850 V
2009 2800 2124 2852 396
2169 2795 2307 2850 VII

269 2871 342 2924 74
378 2867 488 2920 IX
515 2871 591 2922 36
616 2869 636 2937 ΙΙ
663 2875 768 2924 306
806 2867 1042 2938 Tinguit
1057 2871 1192 2940 Apu
1228 2875 1333 2924 307
1361 2869 1558 2924 fucant
1583 2869 1675 2933 P(
1665 2867 1718 2937 9)
1755 2868 1895 2924 coni.
1932 2867 2087 2924 Dan.
2125 2866 2304 2921 Hein-

266 2941 389 2993 sius
442 2939 683 2993 miscent
719 2943 764 2991 fl
806 2939 1030 2995 fuscant
1062 2942 1265 3011 reliqui
1289 2941 1309 3010 ΙΙ
1336 2946 1441 2996 308
1477 2941 1544 2994 ut
1578 2939 1716 2994 ebur
1749 2942 1803 2990 Η
1846 2939 2026 2994 veluti
2062 2939 2201 2993 ebur
2227 2943 2267 2991 P
2283 2938 2305 3010 ΙΙ

288 3015 393 3065 310
430 3026 626 3080 repens
663 3014 763 3063 AG
807 3027 999 3066 recens
1042 3013 1243 3082 reliqui
1269 3012 1419 3082 11311
1448 3010 1715 3066 Dissiciat
1747 3009 1870 3063 ΡΨι
1924 3008 2205 3064 Dissieeat
2228 3013 2302 3062 Ρο

268 3081 340 3148 cf.
368 3080 656 3136 Ribbeck&
677 3083 837 3151 prole
870 3099 921 3166 9.
952 3084 1029 3138 ad
1041 3082 1452 3166 0767911414
1491 3081 1738 3138 17ιεῠ.1
1773 3084 1885 3138 590
1916 3080 1981 3135 Χ
2007 3085 2081 3135 69
2115 3079 2303 3135 Disso-

267 3151 378 3207 tiet
404 3157 448 3205 G
491 3151 735 3208 Deiiciat
760 3160 804 3206 1>
893 3153 1121 3210 iscutiat
1155 3172 1189 3221 p
1205 3159 1293 3207 tn
1332 3155 1352 3222 ΙΙ
1398 3159 1502 3208 313
1558 3153 1868 3221 ductorque
1910 3157 1954 3205 P
2008 3154 2302 3221 rectorque

263 3224 430 3277 ceteri
484 3224 555 3291 cf.
595 3241 646 3279 v.
694 3229 772 3281 88
803 3227 812 3295 Ι
844 3231 948 3280 315
985 3228 1152 3296 pastu
1188 3231 1257 3279 Ρο
1284 3227 1305 3296 n
1332 3229 1434 3280 315
1493 3224 1831 3294 obstantque
1867 3228 1944 3278 Pt
1989 3224 2303 3294 optantque

269 3295 429 3348 ceteri
475 3295 817 3365 cupiuntque
861 3297 1017 3353 Laid.
1080 3299 1101 3367 [Ι
1173 3303 1278 3353 318
1350 3296 1576 3352 conscia
1609 3297 1862 3367 tempore
1899 3300 2009 3350 An
2043 3295 2302 3365 tempore

267 3365 495 3421 conscia
537 3367 655 3422 edd.
695 3374 799 3423 319
837 3367 1022 3423 Hasne
1050 3373 1183 3422 Au)
1219 3372 1308 3435 (ut
1334 3369 1751 3425 emendaverant
1789 3366 2104 3423 Gronovius
2128 3366 2299 3421 Bent-

265 3437 408 3492 leius
458 3437 820 3508 Schraderus)
856 3439 1047 3494 Hosne
1082 3445 1232 3507 pen
1268 3441 1387 3497 edd.
