2517 3909
853 155 1250 206 Tannamos
1295 158 1433 208 ΜΒ.
1474 156 1573 207 x1.
2088 149 2211 211 237

212 311 351 392 Ipse
396 328 508 372 nec
546 310 763 373 Ismeni
806 313 998 392 ripas,
1041 313 1176 374 dum
1215 322 1419 392 stagna
1464 324 1727 377 cruentat

211 396 656 476 Hippomedon,
702 396 907 473 Tyrias
950 400 1112 477 potui
1153 417 1268 459 nec
1311 401 1597 461 scandere
1638 410 1852 479 turres,
2111 410 2215 466 180

210 480 367 543 Dum
410 490 603 557 tonat,
650 491 708 542 et
750 490 975 558 tecum,
1019 481 1334 562 Capaneu,
1380 489 1633 546 miscere
1676 483 1959 547 furores?

213 566 362 640 Quis
404 575 593 627 tantus
634 583 745 646 pro
781 565 916 627 luce
959 565 1169 628 timor?
1215 569 1322 630 sed
1360 570 1535 646 digna
1576 571 1910 649 rependam.

214 650 582 711 Conveniant
622 651 969 730 ubicumque
1012 670 1186 712 nurus
1227 662 1557 731 matresque
1597 655 1923 733 Pelasgae-

208 736 631 814 Longaevique
674 745 906 815 patres,
954 748 1197 815 quorum
1237 746 1326 798 tot
1365 738 1575 816 gaudia
1621 742 1815 818 carpsi

214 819 552 899 orbavique
594 821 832 890 demon
876 821 1401 899 fratri-concurro,
1448 822 1584 901 quid
1627 823 1776 884 ultra
1821 822 1952 885 est?
2110 838 2210 892 185

210 904 504 984 Spectent
543 916 605 966 et
645 907 800 966 votis
836 907 1121 966 victorem
1166 905 1451 968 Eteoclea
1493 917 1760 986 poseant.

208 987 451 1068 Iamque
493 990 662 1068 vale,
712 992 955 1065 coniux,
1001 991 1325 1070 dulcesque
1365 991 1563 1053 valete
1600 991 1904 1068 Mycenae.

213 1074 297 1134 At
336 1082 431 1151 tu,
479 1093 615 1136 care
655 1091 867 1151 socer,
902 1106 989 1122 --·
1027 1093 1140 1135 nec
1179 1078 1333 1136 enim
1377 1078 1563 1137 omnis
1600 1077 1772 1156 culpa
1810 1080 2090 1141 malorum

211 1157 312 1219 Me
349 1177 570 1239 penes,
617 1169 678 1220 et
719 1161 920 1238 superi
954 1178 1180 1220 mecum
1220 1160 1559 1242 Parcaeque
1601 1172 1882 1223 nocentes
1926 1198 2008 1211 -—-

213 1244 313 1306 Sis
359 1244 509 1304 lenis
552 1245 768 1320 cineri,
815 1260 1032 1324 meque
1071 1245 1222 1306 haec
1260 1246 1671 1326 post'proelia
1706 1257 1930 1328 raptum
2113 1264 2215 1318 190

209 1327 472 1389 Alitibus
505 1329 789 1408 fratrique
829 1338 1001 1406 tegas
1042 1348 1304 1410 urnaque
1341 1341 1636 1412 reportes.

211 1410 346 1473 Hoc
389 1422 634 1491 tantum,
681 1423 743 1473 et
782 1423 952 1474 natae
993 1414 1201 1475 melius
1239 1415 1488 1476 conubia
1533 1417 1784 1495 iungas?

347 1496 512 1559 Ibant
554 1499 611 1557 in
653 1498 954 1572 lacrimas,
998 1499 1181 1559 veluti
1223 1517 1395 1578 quum
1428 1520 1574 1562 vere
1617 1520 1860 1564 reverso

212 1581 511 1643 Bistoniae
555 1591 803 1663 tepuere
843 1583 1043 1658 nives,
1090 1583 1437 1645 submittitur
1473 1588 1682 1663 ingens

212 1664 501 1743 Haemus,
545 1677 605 1727 et
642 1676 921 1745 ang-ustos
958 1667 1248 1747 Rhodope
1289 1669 1593 1731 descendit
1638 1672 1694 1730 in
1731 1690 1947 1733 amnes.
2112 1685 2213 1740 195

217 1750 521 1830 Coeperat
560 1749 638 1812 et·
666 1752 780 1812 leni
825 1754 1023 1811 senior
1047 1753 1321 1813 ⁴mulcere
1363 1753 1648 1814 furentem

214 1834 529 1914 Alloquio;
581 1836 754 1897 scidit
793 1852 929 1896 orsa
971 1854 1126 1898 novo
1167 1847 1400 1898 terrore
1444 1847 1684 1899 cruenta

214 1919 526 1997 Eumenis,
573 1920 984 2000 alipedemque
1026 1924 1197 1982 citum
1235 1922 1550 2002 fataliaque
1593 1940 1769 2002 arma,

215 2004 488 2065 Protinus
532 2003 750 2066 Inachii
783 2005 976 2065 vultus
1016 2024 1304 2086 expressa
1344 2006 1597 2067 Perinthi

218 2087 446 2149 Obtulit
485 2107 554 2151 ac
595 2089 742 2151 fidas
785 2090 1038 2151 exclusit
1081 2088 1313 2152 casside
1352 2100 1556 2152 voces.
2113 2105 2218 2160 200

214 2173 315 2233 Ac
362 2191 541 2253 super
584 2174 761 2235 haec:
810 2174 1136 2255 ‘Abrumpe
1176 2193 1402 2237 moras:
1447 2176 1806 2253 celeremus,
1853 2187 1912 2238 et
1951 2179 2108 2238 illum

214 2256 560 2319 Adventare
595 2259 789 2319 ferunt
828 2262 1057 2338 portis.'
1133 2260 1236 2322 Sic
1266 2264 1469 2321 omnia
1512 2262 1653 2321 vicit

220 2341 692 2423 Correptumque
729 2340 929 2405 iniecit
971 2362 1158 2426 equo:
1204 2344 1367 2407 volat
1407 2363 1667 2426 aequore
1706 2354 1912 2423 aperto

217 2426 478 2489 Pallidus
520 2429 946 2509 instantemque
988 2431 1135 2491 deae
1180 2432 1576 2510 circumspicit
1616 2428 1891 2489 umbram.

352 2513 533 2573 Sacra
575 2511 703 2573 Iovi
744 2515 951 2574 merito
996 2513 1205 2591 Tyrius
1246 2532 1357 2595 pro
1400 2515 1638 2576 fulmine
1682 2515 1890 2575 ductor
2118 2527 2221 2582 205

215 2597 622 2677 Nequicquam
661 2597 896 2659 Danaos
935 2609 1093 2659 ratus
1135 2617 1472 2661 exarmasse
1514 2598 1766 2660 ferebat.

217 2679 353 2743 Nec
397 2691 565 2761 pater
601 2683 902 2745 aetherius
939 2684 1252 2764 divumque
1289 2686 1395 2746 has
1436 2685 1588 2745 ullus
1634 2683 1706 2744 ad
1749 2696 1903 2762 aras,

219 2766 348 2829 Sed
391 2766 544 2827 mala
586 2766 902 2846 Tisiphone
943 2770 1190 2849 trepidis
1228 2773 1446 2832 inserta
1488 2770 1760 2830 ministris

219 2851 439 2912 Adstat
481 2859 540 2911 et
584 2851 812 2912 inferno
856 2855 1177 2932 praevertit
1217 2864 1356 2916 vota
1398 2854 1664 2915 Tonanti.

353 2935 623 2996 ‘Summe
653 2936 855 3013 deum,
892 2937 995 2998 tibi
1015 2954 1262 3021 namque
1284 2957 1452 3001 meae
1477 2939 1791 3019 primordia
1810 2938 2072 3014 Thebae,
2120 2948 2225 3003 210

218 3021 430 3081 Liveat
471 3020 762 3081 infandum
805 3021 944 3084 licet
979 3022 1177 3100 Argos
1215 3028 1281 3084 et
1311 3041 1524 3103 aspera
1568 3023 1733 3101 Iuno,

220 3103 494 3180 Debent,
540 3104 815 3166 Sidonios
859 3125 935 3168 ex
978 3123 1095 3186 quo
1139 3125 1251 3188 per
1294 3109 1465 3170 litora
1507 3119 1713 3190 raptor

223 3189 501 3250 Turbasti
539 3189 780 3266 thyasos
800 3234 818 3267 ,
862 3192 1128 3270 dignatus
1163 3193 1394 3272 virgine
1435 3204 1637 3255 nostra

223 3274 425 3353 Terga
465 3276 650 3355 premi
689 3284 748 3335 et
785 3276 1049 3355 placidas
1094 3277 1304 3338 falsum
1341 3279 1566 3357 mog-ire
1610 3295 1719 3358 per
1762 3277 1972 3338 undas!

223 3358 357 3420 Nec
393 3368 454 3420 te
491 3376 637 3422 vana
676 3360 855 3437 fides,
898 3362 1102 3422 iterum
1143 3360 1419 3424 Cadmeia
1460 3364 1729 3442 adeptum
2125 3373 2228 3426 215

227 3441 527 3523 Conubia,
571 3452 633 3505 et
670 3442 880 3521 Tyrios
926 3447 1155 3509 nimium
1196 3449 1488 3528 inrupisse
1531 3456 1794 3528 penates.
