2517 3909
163 152 291 217 126
899 152 959 209 Ρ.
997 151 1277 206 PAPINII
1314 149 1556 206 STATII

1203 402 1255 469 Ι.

546 541 944 599 EPmEmoN
979 541 1060 597 IN
1097 517 1539 597 PRISCILLAM
1575 541 1906 598 UXOREM.

158 652 226 720 Si
271 677 502 720 manus
549 659 665 719 aut
709 654 950 720 similes
997 652 1226 719 docilis
1273 652 1433 717 mihi
1477 652 1723 739 fingere
1770 672 1950 717 ceras

154 744 292 809 Aut
337 744 496 809 ebur
538 742 876 828 impressis
922 764 1234 807 aurumue
1280 742 1569 807 animare
1613 741 1867 826 figuris,

153 832 345 918 Hinc,
387 832 703 918 Priscilla,
746 836 861 897 tuo
909 831 1146 897 solatia
1190 833 1383 916 grata
1429 832 1667 896 marito

154 921 591 1006 Conciperem.
661 943 942 1005 namque
988 920 1252 1006 egregia
1297 920 1540 1005 pietate
1584 921 1888 1004 meretur,

153 1009 247 1078 Ut
289 1011 395 1076 uel
439 1010 717 1097 Apelleo
761 1010 984 1076 uultus
1033 1009 1297 1094 signata
1343 1009 1576 1094 colore,
2264 1029 2297 1078 5

152 1099 463 1165 Phidiaca
508 1099 615 1165 uel
659 1103 817 1165 nata
862 1120 1063 1163 manu
1106 1097 1375 1163 reddare
1423 1098 1688 1164 dolenti.

153 1186 258 1255 Sic
304 1189 556 1254 auferre
600 1188 777 1273 rogis
823 1189 1122 1253 umbram
1170 1191 1444 1253 conatur
1489 1191 1556 1254 et
1599 1187 1831 1272 ingens

153 1276 497 1343 Certamen
543 1299 690 1342 cum
735 1280 944 1342 morte
991 1277 1161 1362 gerit
1206 1293 1522 1362 curasque
1568 1276 1808 1363 fatigat

149 1367 497 1432 Artificum
543 1367 739 1452 inque
786 1366 960 1431 omni
1007 1370 1072 1430 te
1120 1366 1375 1452 quaerit
1419 1387 1638 1431 amare
1683 1365 1966 1430 metallo.

153 1454 278 1521 Sed
323 1456 621 1522 mortalis
665 1455 896 1539 honoS‚
943 1455 1133 1540 agilis
1182 1476 1371 1558 quem
1420 1455 1647 1522 dextra
1689 1455 1964 1520 laborat.
2225 1472 2295 1521 10

149 1542 289 1610 Nos
336 1545 479 1630 tibi,
521 1544 773 1610 laudati
817 1544 1069 1609 iuuenis
1116 1544 1454 1609 carissima
1499 1544 1796 1627 coniunx,
2198 1560 2202 1563 ⁴

150 1632 380 1720 Longa
422 1655 545 1700 nec
590 1634 935 1699 obscurum
980 1634 1174 1698 finem
1219 1634 1438 1698 latura
1481 1633 1751 1718 perenni

147 1722 570 1806 Temptamus
616 1723 768 1788 dare
812 1723 988 1788 iusta
1032 1722 1193 1807 lyra,
1240 1722 1436 1787 modo
1485 1722 1709 1788 dexter
1753 1720 1992 1805 Apollo

149 1812 398 1897 Quique
441 1813 627 1878 uenit
670 1813 892 1877 iuncto
941 1810 1101 1877 mihi
1148 1832 1401 1895 semper
1446 1810 1754 1896 Apolline
1800 1808 2039 1876 Caesar

145 1900 447 1966 Annuat:
493 1901 668 1967 haud
716 1902 843 1966 alio
890 1901 1122 1965 melius
1168 1900 1445 1965 condere
1493 1899 1806 1985 sepulcro.
2223 1918 2291 1968 15

147 1987 304 2055 Sera
350 1990 609 2076 quidem
655 1994 845 2055 tanto
894 1989 1167 2055 struitur
1211 1988 1534 2055 medicina
1579 1989 1816 2072 dolori,

144 2078 373 2144 Altera
419 2101 565 2145 cum
614 2079 899 2145 uolucris
945 2077 1194 2143 Phoebi
1239 2082 1386 2143 rota
1429 2082 1731 2163 torqueat
1777 2099 2048 2161 annum3

145 2166 270 2233 Sed
319 2190 466 2234 cum
513 2170 710 2254 plaga
755 2188 978 2233 recens
1025 2171 1093 2232 et
1139 2166 1349 2231 adhuc
1394 2168 1466 2231 in
1508 2168 1779 2232 uulnere
1823 2166 2035 2251 primo

141 2257 364 2343 Aegra
408 2258 658 2342 domus,
705 2259 937 2342 questu
983 2256 1220 2322 misero
1274 2256 1561 2340 hautque
1610 2277 1905 2322 accessus
1943 2255 2025 2321 ad
2063 2278 2290 2323 aurem

145 2343 455 2433 Coniugis
504 2346 746 2412 orbati:
791 2348 949 2411 tune
993 2345 1144 2410 flere
1193 2350 1259 2411 et
1314 2345 1604 2410 scindere
1647 2351 1868 2411 uestes
2218 2364 2289 2413 20

140 2434 232 2502 Et
273 2436 554 2501 famulos
599 2437 846 2512 lassare
892 2455 1121 2521 greges
1169 2436 1235 2499 et
1277 2435 1534 2499 uincere
1579 2436 1882 2519 planctus

137 2522 430 2611 Fataque
476 2527 542 2590 et
584 2525 859 2590 iniustos
904 2523 1149 2589 rabidis
1195 2524 1453 2608 pulsare
1499 2524 1776 2608 querelis

140 2611 492 2680 anlicolas
540 2615 832 2680 solamen
877 2617 1033 2678 erat.
1105 2613 1257 2678 licet
1301 2613 1442 2697 ipse
1488 2612 1798 2677 leuandos

136 2703 243 2767 Ad
290 2703 569 2789 gemitus
616 2704 798 2770 siluis
844 2703 1189 2769 comitatus
1238 2703 1304 2767 et
1349 2702 1650 2767 amnibus
1698 2700 1992 2786 Orpheus

136 2791 393 2858 Afforet
438 2796 632 2878 atque
684 2794 896 2858 omnis
942 2792 1188 2876 pariter
1231 2794 1580 2856 matertera
1624 2795 1859 2875 uatem,
2209 2809 2278 2859 25

138 2878 365 2947 Omnis
410 2882 796 2966 Apollineus
841 2884 1090 2967 tegeret
1125 2878 1494 2966 Bacchique
1542 2880 1870 2945 sacerdos:

276 3147 318 3201 Ι.
388 3147 640 3202 'situlum
684 3146 812 3200 dedi
855 3160 922 3199 ex
974 3148 1021 3198 Δ
1068 3151 1129 3214 03
1183 3144 1354 3200 Prisc.
1400 3143 1710 3199 Abascanti
1755 3154 2006 3200 uxorem·
2033 3151 2087 3216 ς,
2141 3148 2272 3214 fori.

134 3219 334 3274 rectius
376 3219 398 3289 ΙΙ
443 3224 475 3274 9
514 3217 734 3289 quaerit
769 3216 978 3272 habere
1017 3218 1228 3273 Markl.
1267 3218 1287 3285 ΙΙ
1326 3222 1389 3271 11
1429 3215 1717 3270 rarissima
1753 3221 1788 3267 c
1827 3234 1876 3285 a,
1913 3232 2051 3272 corr
2093 3223 2128 3272 ς
2157 3221 2177 3289 ΙΙ
2207 3223 2274 3275 17

123 3291 419 3346 -uolucrem
458 3290 668 3345 Markl
697 3289 717 3359 ΙΙ
748 3293 811 3342 19
850 3289 1037 3359 Aegra
1063 3288 1360 3344 Heimsius:
1394 3286 1574 3357 Nigra
1612 3293 1647 3339 c
1675 3306 1709 3340 a
1738 3290 1747 3357 1
1780 3287 1984 3343 misero
2019 3288 2273 3372 hautque

131 3364 361 3432 scripsi:
426 3361 802 3430 miseramque
850 3366 885 3412 c
933 3379 967 3413 a
1012 3363 1032 3431 ΙΙ
1077 3366 1145 3416 20
1193 3363 1330 3417 tunc
1381 3365 1416 3411 c
1465 3363 1528 3414 ς·
1573 3375 1721 3414 nunc
1768 3378 1802 3412 a
1856 3360 1877 3429 ΙΙ
1930 3365 1996 3416 21
2043 3359 2280 3431 iungere

130 3433 391 3503 planctus
437 3432 708 3488 Heinsius
