2517 3909
259 173 263 178 .
315 121 397 184 9-0
976 132 1042 181 P.
1085 129 1353 182 PAPmn
1396 128 1633 182 STATII

318 288 615 366 Gramine,
659 303 810 348 nunc
851 286 1061 350 faciles
1105 287 1310 350 sternit
1353 284 1730 367 procursibus
1767 285 1982 351 herbas

314 375 382 436 In
423 374 639 435 vultum
676 374 895 443 niteam
943 389 1136 434 caram
1180 372 1355 434 modo
1400 370 1570 434 lactis
1612 385 1808 449 egeno

314 458 611 520 Nutricem
655 457 935 536 clangore
972 458 1135 518 ciens
1176 458 1503 536 iterumque
1536 457 1830 535 renidens,

313 543 391 605 Et
420 544 634 605 teneris
672 543 956 604 meditans
988 540 1172 604 verba
1211 541 1545 604 inluetantia
1574 540 1776 618 labris,
2074 573 2079 578 ·
2195 548 2297 605 790

313 627 552 690 Miratur
586 645 884 689 nemorum
925 626 1239 706 strepitus,
1285 634 1383 688 aut
1423 624 1598 688 obvia
1634 626 1840 705 carpit,

314 713 433 774 Aut
475 712 673 793 patulo
714 712 888 773 trahit
925 728 1030 771 ore
1075 710 1257 787 diem,
1294 710 1665 789 nemorisque
1705 710 1987 774 malorum

314 798 540 860 Inscius
583 807 642 858 et
681 797 837 857 vitae
868 796 1106 857 multum
1139 813 1384 858 securus
1427 795 1661 857 inerrat.

316 884 418 945 Sic
456 891 623 943 tener
665 879 914 958 Odrysia
952 879 1187 942 Mavors
1230 880 1398 955 nive,
1442 880 1530 940 sic
1569 898 1715 959 puer
1754 880 1881 943 aIes

315 968 555 1028 Vertice
594 964 916 1043 MaenaliO,
962 964 1093 1026 talis
1131 982 1239 1044 per
1285 963 1457 1028 litora
1491 972 1731 1043 reptans
1850 1021 1855 1026 .
2196 970 2297 1028 795

316 1051 603 1133 Inprobus
643 1050 921 1129 Ortygiae
962 1048 1114 1110 latus
1153 1047 1467 1110 inclinabat
1509 1047 1749 1128 Apelle.
2000 1061 2003 1066 ·

436 1136 529 1198 Illi
570 1153 680 1216 per
721 1134 924 1197 dumos
968 1141 1027 1194 et
1069 1151 1255 1213 opaca
1298 1132 1616 1196 virentibus
1650 1133 1869 1196 umbris

316 1220 505 1283 Devia
549 1238 683 1300 pars
726 1220 987 1297 cingunt,
1037 1236 1173 1298 pars
1214 1226 1376 1280 arcta
1417 1217 1592 1297 plebe
1632 1228 1970 1298 sequuntur,

314 1304 843 1384 Praecelerantque
880 1305 1105 1365 ducem.
1169 1301 1420 1364 Medium
1461 1301 1614 1365 subit
1653 1303 1756 1365 illa
1784 1322 1893 1383 per
1921 1320 2133 1381 agmen

315 1390 449 1451 Non
486 1389 680 1450 humili
719 1389 930 1451 festina
970 1386 1182 1461 mod03f
1219 1388 1447 1467 iamque
1490 1405 1656 1449 amne
1699 1389 2027 1469 propinquo
2189 1396 2297 1453 800

322 1474 521 1535 Rauca
564 1483 733 1535 sonat
766 1471 973 1555 vallisf,
1018 1488 1408 1551 saxosumque
1440 1472 1645 1552 inpulit
1680 1490 1851 1535 aures

317 1558 598 1627 Murmur3
645 1557 725 1618 ibi
763 1557 1026 1619 exultans
1070 1557 1392 1618 conclamat
1430 1557 1503 1618 ab
1545 1559 1771 1635 agmine
1813 1558 2021 1639 primo,

317 1646 480 1707 Sicut
522 1652 681 1720 erat,
725 1641 954 1704 levibus
1001 1642 1218 1704 tollens
1260 1642 1480 1703 vexilla
1523 1642 1787 1723 maniplis

315 1729 510 1807 Argus
553 1726 764 1808 aquae!
807 1727 1137 1807 longusque
1179 1726 1363 1788 virum
1398 1744 1580 1806 super
1623 1744 1727 1789 ora
1763 1728 2015 1789 cucurrit

320 1811 553 1875 Clamor
595 1810 809 1892 aquae!
872 1813 974 1873 Sic
1012 1807 1309 1872 Ambracii
1350 1829 1457 1890 per
1499 1812 1670 1873 litora
1709 1813 1870 1892 ponti
2198 1820 2302 1877 805

313 1897 594 1959 Nauticus
634 1899 692 1957 in
733 1896 908 1957 remis
948 1898 1215 1957 iuvenum
1249 1904 1606 1957 monstrante
1647 1898 1933 1975 magistro.

314 1982 408 2044 Fit
445 2000 653 2057 sonus,
699 1982 877 2060 inque
913 1981 1104 2041 vicem
1148 1987 1349 2041 contra
1389 1991 1671 2060 percussa
1708 1980 1985 2046 reclamat

318 2067 538 2145 Terra,
575 2066 857 2127 salutatus
898 2082 1070 2144 quum
1105 2063 1373 2126 Leucada
1409 2065 1607 2145 pandit
1645 2065 1893 2145 Apollo.

438 2149 764 2213 Incubuere
808 2151 973 2213 vadis
1015 2149 1229 2228 passim
1274 2148 1603 2210 discrimine
1636 2151 1801 2212 nullo

221 2268 231 2278 ·
317 2235 511 2298 Turba
555 2235 721 2296 simul
763 2234 1078 2313 primique,
1123 2234 1322 2312 nequit
1361 2245 1695 2296 secernere
1716 2236 1959 2297 mixtos·
2190 2243 2299 2300 810

315 2322 526 2400 Aequa
563 2320 690 2381 aitis
708 2362 727 2395 ,
771 2318 996 2380 frenata
1039 2318 1158 2378 suis
1200 2319 1259 2378 in
1303 2318 1565 2381 curribus
1609 2320 1818 2381 intrant

314 2406 621 2481 Armenta,
663 2411 723 2464 et
766 2402 930 2484 pleni.
967 2403 1210 2464 dominis
1252 2404 1544 2483 armisque
1584 2405 1844 2466 feruntur

314 2488 780 2569 Quadrupedes}
810 2487 922 2550 bos
959 2488 1126 2551 turbo
1168 2495 1386 2567 rapu,
1427 2488 1539 2550 hos
1577 2488 1798 2551 lubrica
1837 2488 2042 2551 fallunt

313 2576 501 2652 Saxa,
544 2591 656 2634 nec
694 2573 988 2653 inplicitos
1031 2572 1206 2634 fluvio
1246 2575 1575 2634 reverentia
1620 2591 1798 2651 reges
1858 2605 1864 2610 ·

310 2659 660 2736 Proterere,
707 2667 805 2720 aut
844 2657 1119 2722 mersisse
1159 2657 1312 2718 vado
1358 2658 1656 2719 clamantis
1699 2659 1868 2719 amici
2028 2711 2035 2716 .
2190 2669 2297 2724 815

313 2743 449 2805 Ora.
514 2742 789 2804 Fremant
814 2743 1037 2820 undae,
1075 2741 1403 2821 longusque
1433 2761 1466 2803 a
1500 2742 1757 2804 fontibus
1787 2745 1966 2804 amnis

308 2828 622 2908 Diripitur,
662 2828 837 2890 modo
876 2827 1012 2889 lene
1055 2828 1251 2886 virens
1294 2835 1353 2887 et
1393 2828 1624 2907 gurgite
1667 2826 1813 2907 puro

308 2912 696 2993 PerspicuuS,
738 2930 892 2974 nunc
933 2910 1137 2972 sordet
1175 2911 1342 2990 aquis
1389 2922 1628 2990 egestus
1665 2911 1738 2973 ab
1784 2914 1899 2972 imo

308 2996 566 3067 Alveus;
608 2996 742 3059 inde
784 3006 949 3059 toros
991 2996 1244 3075 riparum
1286 3005 1346 3057 et
1384 3006 1622 3077 proruta
1664 2996 1893 3058 turbant

312 3081 612 3159 Gramina,
656 3083 769 3143 iam
808 3098 1039 3142 crassus
1081 3096 1394 3159 coenoque
1437 3091 1496 3143 et
1537 3082 1783 3161 pulvere
1825 3090 2077 3154 terrena,
2196 3088 2304 3144 820

310 3165 668 3248 Quamquam
707 3164 943 3245 expleta
977 3165 1137 3241 sitia,
1179 3164 1395 3227 bibitur
1436 3174 1646 3227 tamen‘.
1686 3164 1967 3244 ÷Agmina
1991 3165 2152 3228 bello

306 3250 631 3312 Decertare
669 3259 871 3330 putee,
908 3251 1232 3329 iustumque
1272 3251 1329 3310 in
1368 3252 1597 3328 gurgite
1637 3250 1881 3313 Martem

307 3334 652 3411 Perfurere,
699 3342 758 3394 et
801 3342 1028 3413 captam
1069 3334 1197 3395 tolli
1237 3334 1553 3415 victoribus
1595 3335 1831 3398 urbem·
1943 3344 1953 3352 ‘

432 3418 627 3499 Atque
669 3418 878 3498 aliquis
919 3435 1124 3498 regum
1151 3418 1342 3479 medio
1384 3418 1750 3484 circumfluus
1782 3421 1959 3482 amni:
