2517 3909
811 846 903 929 P.
962 831 1333 931 PAPIN
1333 844 1423 928 II
1477 843 1860 929 STATH

805 1002 860 1101 I

959 1005 1045 1103 L
1142 1003 1444 1104 uA
1544 999 1837 1141 Ru
1939 1001 2049 1100 M

1035 1171 1479 1242 LIBER
1549 1173 1642 1244 ΙΙ.

638 1003 703 1103 S

834 1493 1143 1549 STATIUS
1180 1494 1490 1550 MELIORI
1527 1492 1667 1549 SUO
1705 1493 1859 1549 SAL.

451 1638 541 1705 Et
566 1639 979 1725 familiaritas
1006 1643 1233 1707 nostra
1259 1662 1389 1725 qua
1415 1641 1693 1725 gaudeo,
1738 1635 1995 1724 Melior,
2039 1635 2142 1708 uir
2168 1638 2423 1726 optime

273 1751 394 1794 nec
436 1728 651 1794 minus
697 1728 770 1793 in
811 1727 1048 1794 iudicio
1093 1728 1463 1795 litterarum
1508 1748 1705 1815 quam
1749 1728 1824 1796 iu
1868 1727 2045 1798 omni
2094 1730 2270 1793 uitae
2317 1751 2425 1795 co-

274 1818 412 1884 lore
456 1817 830 1902 tersissime,
875 1820 941 1883 et
975 1818 1116 1902 ipsa
1154 1818 1608 1902 opusculorum
1656 1840 1821 1903 quae
1865 1817 1988 1883 tibi
2031 1818 2218 1887 trado
2266 1839 2424 1884 con-

276 1907 435 1973 ditio
502 1907 593 1973 sic
647 1907 864 1992 posita
917 1909 1018 1972 est
1071 1912 1146 1972 ut
1195 1909 1377 1973 totus
1423 1906 1529 1971 hic
1573 1908 1737 1972 alter
1773 1907 1945 1986 ‚liber
1989 1928 2172 1972 meus
2218 1906 2425 1972 etiam

276 1996 419 2062 sine
454 1996 733 2081 epistola
769 1996 850 2062 ad
885 1998 953 2060 te
989 1999 1254 2080 spectet.
1318 1995 1602 2079 primum
1637 1995 1813 2060 emim
1846 1996 2049 2062 habet
2077 1995 2425 2061 Glauciam

274 2088 593 2169 nostrum,
638 2086 819 2151 cuius
856 2083 1299 2170 gratissimam
1332 2084 1701 2169 infantiam,
1745 2088 1812 2149 et
1846 2086 2104 2170 qualem
2121 2084 2427 2169 plerum-

276 2196 400 2258 que
435 2174 726 2239 infelices
775 2174 1154 2258 sortiuntur,
1203 2173 1373 2258 apud
1409 2176 1476 2239 te
1514 2173 1886 2260 complexus
1924 2174 2240 2239 amabam.
2286 2174 2426 2239 iam

275 2284 430 2328 uero
485 2262 609 2327 tibi
662 2262 856 2327 huius
913 2262 1138 2328 amissi
1201 2284 1425 2329 recens
1478 2263 1712 2328 uulnus
1768 2258 1871 2348 (ut
1915 2261 2073 2349 scis)
2128 2263 2423 2348 epicedio

273 2354 655 2437 prosecutus
694 2373 839 2416 sum
877 2352 1036 2417 adeo
1071 2351 1460 2417 festinanter
1496 2354 1570 2415 ut
1606 2350 2034 2417 excusandam
2076 2351 2425 2417 habuerim

277 2440 613 2505 affectibus
658 2440 789 2505 tuis
837 2441 1253 2506 celeritatem.
1326 2461 1447 2505 nec
1490 2462 1664 2505 nunc
1709 2462 1853 2505 eam
1900 2440 2072 2526 apud
2115 2443 2180 2505 te
2226 2441 2425 2525 iact0,
2468 2451 2494 2497 1

158 2591 181 2613 ⁸
277 2529 386 2613 qui
441 2529 648 2613 nosti,
704 2528 817 2594 sed
863 2532 928 2594 et
987 2529 1216 2594 ceteris
1272 2528 1516 2611 indico;
1570 2550 1652 2593 ne
1700 2529 1844 2615 quis
1890 2530 2215 2613 asperiore
2260 2529 2424 2594 lima

278 2639 539 2683 carmen
584 2618 910 2685 examinet
947 2621 1012 2683 et
1047 2639 1088 2682 a
1125 2618 1398 2683 cons-uso
1438 2617 1748 2702 scriptum
1787 2621 1855 2682 et
1891 2617 2140 2684 dolenti
2173 2618 2422 2702 dam,
2501 2621 2502 2676 l

277 2729 424 2771 cum
468 2728 676 2791 paene
724 2728 1126 2791 superuacua
1162 2707 1297 2771 sint
1339 2707 1528 2773 tarda
1564 2706 1816 2771 solatia.
1879 2705 2050 2771 Polli
2094 2707 2222 2771 mei
2258 2706 2423 2771 uilla
2501 2723 2502 2726 ’

277 2793 683 2879 Surrentina,
738 2818 901 2881 quae
950 2796 1269 2882 sequitur,
1335 2795 1559 2860 debuit
1603 2817 1644 2860 a
1687 2817 1792 2861 me
1837 2796 1945 2860 uel
1990 2795 2060 2860 in
2105 2795 2421 2862 honorem

276 2885 681 2969 eloquentiae
737 2885 874 2950 eius
935 2884 1310 2971 diligentius
1357 2885 1510 2969 dici,
1557 2883 1671 2949 sed
1716 2884 1960 2949 amicus
2005 2885 2275 2971 ignouit.
2347 2885 2417 2949 in
2462 2893 2501 2939 1³

276 2974 573 3039 arborem
610 2977 782 3038 certe
827 2976 1026 3059 tuam,
1068 2971 1317 3058 Melior,
1363 2976 1430 3039 et
1472 2973 1821 3058 psittacum
1859 2971 1986 3040 scis
2026 2995 2066 3038 a
2102 2996 2206 3039 me
2241 2975 2417 3039 leues
2499 2985 2500 2988 ’

275 3062 535 3128 libellos
567 3063 752 3147 quasi
781 3063 1269 3148 epigrammatis
1297 3062 1442 3129 loco
1472 3062 1765 3149 scriptos.
1814 3062 2087 3128 eandem
2115 3062 2419 3148 exigebat

420 3291 502 3345 In
536 3292 698 3346 titulo
736 3290 847 3345 Sal.
887 3295 956 3344 A:
996 3290 1236 3345 salutem
1275 3296 1311 3343 0
1337 3292 1358 3361 ΙΙ
1385 3296 1417 3345 5
1439 3291 1512 3345 ad
1545 3293 1605 3347 te
1641 3293 1858 3375 spectet
1891 3292 2115 3361 scripsi.-
2155 3294 2416 3375 expectet
2493 3299 2499 3401 ι

276 3361 354 3414 Δ*
392 3367 427 3413 0
466 3362 790 3431 expectetur
826 3361 988 3417 Dom.
1034 3362 1054 3430 ss
1099 3367 1132 3417 6
1170 3363 1495 3431 gratissima
1537 3362 1780 3418 mfantia
1823 3368 1859 3415 0
1895 3381 1929 3416 a
1955 3365 1975 3433 ΙΙ
2004 3370 2033 3418 ’1
2073 3364 2417 3419 ammirabar

278 3432 489 3489 Maa‘kl.
523 3434 533 3502 Ι
572 3432 688 3487 iam
723 3449 858 3487 uero
895 3432 1086 3488 Dum„-
1140 3431 1257 3486 iam
1313 3450 1425 3490 non
1481 3438 1517 3485 0
1561 3434 1640 3503 au
1679 3438 1746 3489 14
1781 3434 1992 3490 honore
2030 3440 2065 3486 0
2102 3453 2153 3501 a,
2194 3449 2334 3491 corr.
2378 3439 2415 3489 ς
2490 3485 2497 3507 ,
