2517 3909
876 141 1275 193 ’rmssnos
1319 143 1458 193 LIB.
1504 141 1580 193 11.
1636 145 1641 156 '
1690 155 1695 162 ·
2139 133 2221 193 47

244 301 497 363 Rorihus
544 310 603 362 et
645 309 795 363 tetra
837 301 1177 361 morientum
1221 302 1572 381 adspergine
1616 309 1861 363 manant.
1978 345 1985 350 .
2074 313 2079 320 ’

242 387 321 449 Ut
361 387 494 464 leo,
545 387 642 468 qui
677 388 899 466 campis
944 384 1118 464 louge
1166 387 1408 447 custode
1447 387 1647 465 fugato
2120 391 2224 450 675

238 470 526 547 Massylas
568 471 845 550 depastus
881 487 1057 548 oves,
1097 469 1202 532 ubi
1244 471 1522 566 sanguiue
1558 470 1735 531 multo
1776 479 1779 484 '
1850 491 1855 496 ·

241 556 550 617 Luxuriata
591 555 814 632 sance,
860 556 1177 633 cervixque
1219 556 1461 616 atahe
1502 564 1780 634 gravatae
1817 611 1830 621 „
1862 563 1867 572 '

246 638 586 702 Consedere
632 639 833 716 iubae,
880 639 1084 701 mediis
1125 643 1182 699 in
1225 640 1505 701 caedibus
1544 639 1733 701 adstat

243 724 483 803 Aeger,
526 725 1036 804 hians·victnsqne
1077 724 1259 795 cibis>
1296 743 1411 785 uec
1453 727 1564 785 iam
1606 724 1849 804 amplius
1891 726 2013 786 irae

246 807 658 870 crudescuntz-
679 818 894 871 tantum
934 811 1136 874 vacuis
1176 808 1314 870 ferit
1355 825 1494 870 aera
1535 807 1729 887 malis,·
2116 815 2223 873 680

242 893 562 973 Molliaque
606 895 802 955 eiecta·
829 893 1110 955 delambit
1145 894 1374 955 vellera
1419 894 1671 973 lingua.-

363 976 473 1039 Ille
517 979 688 1040 etiam
728 978 960 1039 Thebas
1001 978 1207 1057 spoliis
1249 988 1314 1039 et
1348 980 1625 1057 sangnine
1664 979 1870 1057 plenus

243 1063 426 1140 Isset,
469 1072 529 1123 et
567 1066 820 1125 attonitis
864 1081 1000 1124 sese
1037 1063 1376 1144 populoque
1412 1063 1665 1143 ducique

246 1147 609 1208 Ostentasset
654 1163 866 1224 ovans,
910 1147 967 1207 ni
993 1157 1099 1225 tu,
1146 1145 1403 1208 Tritonia
1444 1151 1636 1226 virgo,

241 1231 611 1310 Flagrantem
651 1232 941 1313 multaque
986 1234 1186 1313 operis
1227 1232 1483 1311 caligine
1524 1232 1756 1312 plenum
2117 1237 2220 1295 68³

243 1315 504 1378 Consilio
547 1316 777 1395 dignata
817 1319 1038 1377 virum:
1080 1318 1244 1377 <sate
1287 1326 1465 1395 gente
1508 1316 1746 1396 superbi

241 1401 512 1479 Oeneos,
559 1401 832 1463 absentes
867 1403 961 1462 cui
1001 1402 1209 1463 dudum
1250 1403 1491 1462 vincere
1534 1400 1768 1461 Thebas

242 1488 593 1563 Annuimus‚
635 1487 744 1547 iam
788 1504 942 1566 pone
985 1486 1214 1547 modum
1249 1487 1596 1565 nimiumque
1641 1484 1911 1546 secundis

244 1573 429 1634 Parce
474 1572 628 1632 deis:
673 1571 808 1632 huic
842 1587 952 1631 una
994 1571 1141 1631 fides
1187 1571 1439 1651 optanda
1482 1570 1689 1631 labori.

242 1655 497 1717 Fortuna
534 1656 673 1715 satis
716 1673 868 1716 usus·
895 1655 1034 1715 abi.'
1122 1654 1403 1715 Restabat
1446 1654 1677 1718 acerbis
2117 1658 2224 1716 690

245 1740 573 1802 Funeribus
611 1741 895 1818 socioque
938 1741 1105 1817 gregi
1149 1755 1265 1799 non
1306 1748 1517 1817 sponte
1562 1746 1864 1818 superstes

242 1824 629 1887 Haemonides
670 1847 755 1874 -·-·
792 1823 893 1885 ille
934 1823 1082 1884 haec
1121 1823 1526 1908 praeviderat,
1577 1824 1765 1883 omina
1804 1820 2009 1882 doctus

244 1909 440 1970 Aeros
486 1918 544 1970 et
582 1909 739 1970 nulla
779 1908 1063 1988 deceptus
1104 1907 1177 1969 ab
1201 1907 1360 1968 alite
1404 1942 1490 1956 --
1522 1905 1750 1981 Rheon,

242 1993 374 2056 Nec
410 1994 631 2055 veritus
674 1992 988 2073 proh-ibere
1032 1993 1255 2056 ducem.
1348 1991 1465 2053 Sed
1507 1992 1624 2053 fata
1663 1998 1990 2051 monentem

242 2078 558 2140 Privavere
600 2078 715 2140 fide
733 2079 909 2148 :wita
951 2077 1311 2142 miserandus
1354 2078 1522 2137 inerti
2117 2080 2220 2136 696

241 2164 584 2232 Damnatur;
623 2162 858 2242 trepido
901 2162 1135 2241 Tydeus
1179 2163 1391 2223 inmitia
1424 2160 1681 2224 mandat:

245 2246 551 2328 ‘Quisquis
582 2247 663 2307 'es
702 2247 1035 2325 Aonidum‚=
1068 2265 1240 2327 quem
1282 2247 1530 2307 crastina
1573 2263 1809 2306 munere
1854 2253 2053 2305 nostro

241 2332 508 2394 Manibus
550 2342 877 2412 exemptum
916 2332 1119 2393 mediis
1164 2331 1374 2394 aurora
1406 2330 1647 2407 videbit,

241 2416 409 2479 Haec
450 2416 622 2478 iubeo
667 2417 933 2496 perferre
965 2415 1124 2476 doci:
1165 2419 1339 2493 cinge
1378 2433 1600 2494 aggere
1647 2422 1869 2494 portas,

245 2501 395 2563 Tela
427 2518 606 2578 nova,
647 2501 887 2580 fragiles
923 2518 1076 2562 aevo
1115 2501 1499 2579 cincumspice
1542 2515 1760 2575 muros,
1912 2561 1917 2568 ,
2119 2509 2225 2566 τοο

242 2586 569 2665 Praecipue
612 2586 830 2665 stipare
865 2587 1028 2645 viros
1070 2584 1398 2663 densasque
1439 2591 1726 2642 memento

242 2670 638 2749 multiplicare
680 2670 873 2747 acies,
916 2669 1225 2729 fumantem
1268 2667 1420 2728 hunc
1456 2666 1696 2746 adspice
1739 2667 1855 2728 late

242 2755 406 2818 Ense
450 2771 579 2818 meo
624 2771 914 2833 campum:
957 2752 1108 2814 tales
1151 2754 1211 2813 in
1251 2751 1410 2813 bella
1444 2753 1747 2812 venimus-⁹

372 2839 531 2902 Haec
573 2839 685 2917 ait,
727 2847 786 2899 et
830 2839 1069 2898 meritae
1111 2836 1412 2917 pulchrum
1451 2837 1555 2897 tibi
1586 2835 1776 2897 Pallas
1819 2836 2100 2898 honorem

244 2925 580 3003 Sanguinea
617 2923 689 2985 de
733 2932 932 3000 strage
972 2932 1168 3002 parat,
1215 2921 1607 3002 praedamque
1642 2923 1931 2983 iacentem
2120 2929 2224 2985 705

246 3009 590 3089 Comportat
629 3007 889 3087 gaudens
931 3007 1300 3086 ingentiaque
1346 3016 1475 3067 acta
1518 3015 1811 3068 recenset.

243 3095 515 3171 Quercus
560 3102 683 3154 erat
722 3102 958 3155 tenerae
995 3095 1105 3153 iam
1142 3091 1379 3169 longum
1420 3090 1599 3152 oblita
1644 3092 1911 3152 iuventae

243 3179 488 3257 Aggere
529 3195 858 3258 camporum
901 3177 1123 3253 medic,
1164 3194 1333 3255 quam
1367 3175 1644 3255 plurimus
1681 3175 1854 3236 ambit

241 3262 571 3325 Frondibus
608 3263 857 3323 incurvis
905 3272 965 3323 et
1006 3262 1185 3323 crudo
1227 3259 1444 3321 robore
1481 3269 1707 3321 cortex.

240 3348 390 3409 Huic
433 3346 602 3408 leves
644 3346 847 3425 galeas
895 3345 1281 3426 perfossaque
1321 3345 1560 3405 vulnere
1602 3342 1813 3404 crebro
2124 3350 2227 3407 710

242 3432 455 3495 luserit
500 3449 657 3493 arma
700 3431 928 3509 ferens,
971 3430 1102 3492 huic
1143 3440 1379 3492 truncos
1421 3430 1631 3490 ictibus
1676 3445 1848 3488 enses
