2517 3909
248 162 337 224 34
934 162 994 216 P.
1030 162 1313 216 PAPINII
1351 162 1592 217 STATH

170 321 228 361 ΙΙ
247 305 393 371 Iure
437 309 682 391 pavent
726 307 921 391 aliae3
970 308 1083 373 sed
1128 307 1237 373 vix
1286 330 1405 374 sua
1450 308 1690 393 gaudia
1736 310 1905 374 celat

163 412 223 451 80
249 394 504 462 Pelides
562 395 918 481 avidusque
962 418 1167 463 novos
1213 397 1448 462 heroas
1495 400 1561 462 et
1606 420 1788 465 arma

247 483 374 549 Vel
419 484 573 549 talis
621 484 863 550 vidisse
910 486 1108 570 cupit.
1196 484 1464 571 Iamque
1513 488 1683 552 atria
1725 488 1978 554 fervent
2176 505 2278 555 755

245 572 477 660 Regali
526 574 804 659 strepitu
852 578 918 638 et
962 575 1138 659 picto
1186 573 1615 640 discumbitur
1661 579 1871 660 ostr0,

245 661 409 728 Cum
453 666 645 748 pater
689 664 783 728 ire
830 663 1011 728 iubet
1054 667 1245 729 natas
1295 664 1694 750 comitesque
1739 666 2009 750 pudicas

242 751 582 817 Natarum.
675 750 997 837 Subeunt,
1043 754 1266 838 quales
1313 752 1639 818 Maeotide
1684 755 1857 839 ripa,

160 858 216 898 8⁵
245 839 407 907 Cum
454 839 798 925 Scythicas
844 857 1116 926 rapuere
1161 842 1388 908 domos
1435 847 1502 906 et
1545 846 1739 928 capta
1784 843 2097 910 Getarum

242 929 531 1015 Moenia,
578 930 884 1014 sepositis
932 931 1279 1015 epulantur
1322 929 1687 998 Amazones
1736 934 1952 999 armis,
2172 951 2276 1001 ’760

241 1018 411 1084 Tum
456 1041 612 1084 vero
658 1020 952 1084 intentus
996 1020 1218 1085 vultus
1267 1041 1341 1085 ac
1385 1024 1656 1105 pectora
1700 1021 1926 1087 Ulixes

238 1107 568 1174 Perlibrat
613 1108 786 1174 visu:
834 1109 945 1173 sed
989 1131 1121 1173 nox
1165 1109 1498 1195 inlataque
1541 1110 1782 1176 fallunt

236 1196 517 1262 Lumina
573 1201 640 1263 et
685 1197 1007 1282 extemplo
1055 1198 1256 1263 latuit
1302 1220 1608 1264 mensura
1649 1200 1995 1266 iacentum.

158 1305 213 1344 90
239 1287 331 1352 At
373 1290 595 1352 tamen
641 1290 1054 1371 erectumque
1101 1307 1301 1371 genas
1348 1288 1680 1373 oculisque
1725 1292 2076 1374 vagantem

237 1375 566 1460 Nullaque
611 1376 891 1459 virginei
938 1378 1301 1440 servantem
1349 1376 1540 1462 signa
1584 1378 1853 1460 pudoris
2167 1396 2271 1447 765

234 1462 484 1549 Defigit
530 1464 882 1550 comitique
930 1464 1195 1550 obliquo
1242 1466 1486 1530 lumine
1531 1469 1875 1532 monstrat.

237 1553 447 1631 Quid?
491 1553 621 1618 nisi
666 1553 1086 1637 praecipitem
1132 1554 1373 1619 blando
1422 1558 1759 1639 complexa
1802 1561 2098 1623 moneret

232 1642 577 1708 Deidamia
625 1642 771 1706 sinu
816 1643 1188 1728 nudataque
1233 1645 1503 1728 pectora
1549 1666 1805 1729 semper

156 1749 207 1789 95
234 1731 674 1816 Exsertasque
722 1754 953 1796 manus
1001 1753 1385 1818 umerosque
1431 1732 1502 1796 in
1549 1737 1731 1798 veste
1775 1738 2053 1820 teneret,

232 1821 322 1886 Et
368 1820 627 1905 prodire
671 1821 834 1886 toris
883 1825 948 1885 et
991 1821 1458 1905 poscere.vina
1502 1825 1757 1888 vetaret
2161 1841 2268 1891 ’770

235 1907 533 1994 Saepius,
580 1914 647 1974 et
691 1910 895 1975 fronti
942 1911 1183 1974 crinale
1227 1914 1574 1994 reponeret
1619 1912 1891 1978 aurum?

234 1999 590 2084 [Argolicis
639 1999 911 2064 ducibus
957 1999 1089 2063 iam
1134 2002 1291 2064 tunc
1336 1999 1660 2083 patuisset
1702 2001 2039 2083 Achilles]

408 2087 502 2153 Ut
546 2087 810 2172 placata
853 2087 1059 2153 fames
1081 2088 1315 2171 ,epulis
1362 2087 1464 2152 bis
1509 2092 1741 2174 terque
1784 2092 2093 2175 repostis,

124 2194 204 2233 100
230 2176 370 2243 Rex
415 2177 593 2261 prior
640 2176 1012 2262 adloquitur
1046 2176 1419 2261 paterisque
1456 2177 1759 2243 hortatur
1795 2179 2111 2246 Achivos:

232 2265 523 2336 ‘Invideo
570 2265 834 2349 vestris,
879 2265 1118 2348 fateor,
1164 2266 1399 2331 decora
1443 2266 1672 2332 inclita
1716 2269 1933 2353 gentis
2158 2286 2263 2336 ’175

229 2355 603 2441 Argolicae,
649 2354 925 2439 coeptis:
971 2354 1225 2419 utinam
1273 2357 1341 2420 et
1387 2355 1549 2420 mihi
1592 2355 1828 2422 fortior
1877 2361 2085 2444 aetas,

372 2590 475 2640 753
510 2599 698 2639 versus
734 2584 799 2638 in
836 2583 906 2636 θ’
942 2587 1195 2639 contextu
1222 2599 1342 2651 om„
1379 2599 1551 2653 marg.
1591 2585 1664 2639 al.
1701 2602 1771 2641 m.
1811 2587 2038 2642 additus
2077 2589 2086 2656 1
2132 2586 2259 2644 Iure

227 2656 382 2711 codd.
430 2657 516 2710 Ire
544 2655 886 2711 Schraderus
922 2654 1060 2710 Inde
1086 2655 1457 2709 Baehrensius
1489 2657 1496 2720 Ι
1528 2655 1623 2710 vix
1661 2672 1762 2709 sua
1797 2662 1840 2709 G
1863 2658 1934 2711 0²
1977 2661 2066 2724 (ut
2091 2674 2262 2714 emen-

227 2728 398 2782 dabat
416 2726 782 2795 Sem-adorus)
815 2726 910 2781 vix
945 2742 1094 2782 nova
1128 2730 1318 2779 PPcu
1350 2726 1360 2795 Ι
1391 2725 1578 2780 differt
1598 2725 1937 2784 Schraderus
1963 2731 1983 2799 ΙΙ
2013 2735 2118 2785 754
2144 2730 2262 2785 avi·
2290 2773 2297 2780 .

224 2797 434 2867 dosque
470 2803 511 2851 P
536 2799 558 2868 ΙΙ
586 2803 689 2852 756
717 2797 1086 2853 discumbitur
1121 2797 1281 2853 aulro
1318 2803 1359 2849 P
1390 2800 1399 2865 Ι
1433 2801 1536 2851 760
1574 2798 1880 2867 suppositis
1918 2802 2072 2857 codd.
2092 2818 2259 2870 prae-

223 2891 304 2942 ter
326 2886 485 2943 Laid.
524 2888 622 2957 qui
656 2887 884 2956 praebet
919 2904 944 2941 s
957 2885 1026 2958 sss
1039 2908 1079 2936 ε
1103 2885 1326 2957 positis3
1382 2885 1643 2956 sepositis
1699 2888 2006 2943 emendavit
2053 2888 2258 2947 Schra-

222 2958 385 3013 derus
428 2959 449 3027 ΙΙ
496 2965 599 3014 761
636 2958 883 3014 intentos
920 2963 1039 3010 PPo
1082 2960 1090 3026 Ι
1142 2963 1244 3012 762
1305 2958 1586 3013 Perlibrat
1620 2963 1662 3010 P
1713 2957 1968 3014 Perlibat
2004 2965 2074 3014 Po
2130 2962 2259 3017 Per-

219 3027 472 3100 libaslle²
517 3029 807 3085 Praelibat
839 3035 896 3083 Π
921 3030 941 3100 ΙΙ
970 3035 1072 3085 ’763
1108 3029 1393 3084 iacentum
1418 3035 1459 3081 P
1502 3028 1741 3084 iacentis
1778 3032 1938 3086 ceteri
1962 3032 1984 3100 ΙΙ
2012 3037 2115 3087 765
2153 3052 2257 3103 pu·

220 3100 403 3156 doreis
429 3105 470 3153 P
496 3103 516 3171 ΙΙ
544 3106 645 3156 767
691 3117 877 3156 versus
911 3102 1010 3155 hoc
1046 3101 1160 3155 loco
1195 3101 1261 3154 in
1296 3106 1322 3152 t
1377 3101 1608 3155 omissus
1642 3101 1788 3156 inter
1822 3117 1870 3157 v.
1911 3106 2023 3158 770
2060 3109 2111 3157 et
2146 3109 2254 3161 771

219 3172 458 3226 insertus
494 3177 571 3227 est
618 3173 628 3241 1
685 3172 830 3239 Quid
868 3177 908 3225 P
953 3171 1115 3238 Quod
1158 3176 1215 3223 n
1262 3170 1441 3237 Quem
1486 3178 1512 3224 t
1559 3171 1682 3238 Qffi
1741 3173 1831 3238 (in
1873 3178 2013 3240 ras.)
2058 3173 2260 3248 Leid.n

223 3248 325 3298 768
363 3246 621 3313 tempora
648 3248 688 3296 P
714 3246 734 3313 ΙΙ
763 3251 865 3300 772
902 3260 1115 3298 versum
1150 3243 1249 3312 qui
1283 3243 1426 3297 deest
1461 3244 1525 3297 in
1560 3247 1626 3310 P,
1663 3245 1728 3298 in
1762 3249 1833 3297 Po
1847 3244 1918 3297 α’
1949 3246 2139 3313 prima
2165 3263 2260 3314 m.,

217 3330 391 3383 mary.
427 3330 526 3369 sec.
572 3332 642 3370 m.
691 3317 943 3381 additus,
995 3316 1060 3368 in
1109 3314 1296 3368 ceteris
1331 3315 1638 3381 invenitur,
1683 3316 1844 3371 uncis
1888 3317 2094 3371 inclusi
2136 3334 2257 3373 mu-

219 3389 339 3489 tazta
373 3386 810 3511 qutlterpwnctione
844 3389 865 3457 {l
902 3392 1004 3441 ’776
1055 3384 1274 3439 utinam
1322 3387 1381 3440 et
1426 3385 1566 3440 mihi
1602 3391 1776 3439 PPcG
1830 3386 2257 3461 utinamsllmihi

220 3460 262 3508 G
343 3474 382 3511 u
413 3456 425 3468 ⁰
468 3473 562 3512 am
599 3458 740 3512 mihi
775 3462 829 3511 n
