2517 3909
815 142 1213 192 rnnssunos
1257 144 1398 193 Lm.
1438 143 1562 192 vn.
1692 153 1697 158 ·
2054 132 2185 220 ⁸159

192 300 315 361 Aut
355 299 571 361 vallem
615 310 809 377 cavat,
853 309 953 360 aut
989 299 1216 361 medios
1256 300 1552 379 intercipit
1595 317 1812 361 amnes.

323 383 455 445 Non
493 403 667 445 secus
708 386 1044 463 ingentique
1078 386 1205 444 viro
1256 402 1582 462 magnoque
1626 394 1900 462 gravatus
2083 392 2186 448 750

197 470 380 531 Temo
424 469 571 547 deo,
617 488 766 530 nunc
807 470 953 546 hoc,
999 487 1149 529 nunc
1190 469 1294 530 illo
1338 470 1397 529 in
1440 472 1718 546 sanguine
1759 469 1972 529 fervet.

195 554 333 634 Ipse
373 555 588 615 sedens
627 554 764 615 telis
803 557 1138 634 pariterque
1175 555 1455 615 ministrat
1489 553 1733 614 habenis

193 639 437 717 DelinS,
480 641 610 718 ipse
654 640 830 700 docet
868 641 1053 699 iactus
1093 638 1460 716 adversaque
1502 638 1686 698 flectit

197 724 438 803 Spicula
481 724 882 801 fortunamque
915 723 1097 783 hastis
1139 722 1508 783 venientibus
1552 723 1757 783 aufert.

197 810 544 869 Sternuntur
585 818 778 869 terrae
813 806 1113 868 Menaleus
1151 808 1370 886 pedes,
1417 806 1703 885 Antiphus
1743 805 1861 866 alto
2086 816 2188 872 755

197 892 293 954 Nil
338 892 613 953 defensus
659 909 843 971 equo,
889 894 1238 970 genitusque
1278 891 1622 952 Heliconide
1657 892 1907 971 nympha

198 977 454 1038 Aethion
494 994 792 1056 caesoque
833 977 1060 1037 infamis
1102 978 1283 1037 fratre
1324 976 1545 1037 Polites

201 1062 574 1141 conatusque
617 1064 760 1122 toris
799 1063 1058 1121 vittatam
1097 1063 1383 1139 attingere
1425 1060 1620 1122 Manto

197 1147 478 1225 Lampus:
521 1148 578 1205 in
620 1146 770 1206 hunc
805 1163 1003 1206 sacras
1047 1145 1316 1205 Phoebus
1358 1145 1517 1206 dedit
1553 1148 1684 1225 ipse
1728 1146 1990 1223 sagittas.

327 1229 404 1290 Et
444 1232 554 1291 iam
599 1231 951 1309 cornipedes
991 1231 1216 1308 trepida
1252 1248 1325 1291 ac
1363 1230 1702 1291 moribunda
1744 1230 2021 1292 reflantes
2089 1238 2193 1295 760

203 1315 470 1395 Corpora
510 1318 780 1375 rimantur
821 1325 1043 1390 terras,
1090 1316 1391 1394 omnisque
1436 1333 1546 1394 per
1585 1324 1743 1376 artus

201 1401 415 1462 Sulcus
458 1409 516 1460 et
552 1401 749 1460 incisis
792 1400 967 1460 altum
1000 1400 1168 1459 rubet
1208 1399 1393 1460 orbita
1435 1399 1728 1460 membris.

199 1485 324 1546 Hos
364 1487 476 1546 iam
516 1486 852 1562 ignorantes
896 1486 1033 1544 terit
1063 1486 1251 1562 inpius
1296 1484 1456 1560 exie,
1498 1493 1555 1545 at
1597 1485 1683 1545 illi

198 1571 457 1630 Vulnere
497 1570 859 1643 semineces,
905 1586 1019 1628 nec
1062 1568 1321 1628 devitare
1365 1569 1634 1644 facultas,

198 1656 517 1715 Venturum
559 1671 741 1731 super
782 1669 888 1712 ora
928 1652 1156 1725 vident3
1199 1654 1312 1713 iam
1351 1650 1572 1713 lubrica
1608 1651 1745 1712 tabo
2092 1659 2194 1716 765

200 1738 423 1815 Frena,
468 1756 580 1798 nee
623 1738 807 1797 insisti
843 1736 1104 1797 madidus
1140 1699 1243 1797 'dat
1285 1744 1477 1812 teme,
1520 1745 1805 1813 rotaeque

204 1824 495 1902 Sanguine
541 1822 811 1883 difficiles
855 1830 913 1881 et
946 1821 1167 1881 tardior
1208 1820 1424 1897 ungula
1458 1780 1645 1881 l'ossis

201 1907 565 1968 Visceribus.
653 1892 813 1966 Tunc
858 1907 987 1985 ipse
1023 1906 1224 1966 furens
1266 1907 1324 1965 in
1364 1914 1549 1965 morte
1590 1904 1798 1967 relicta

203 1993 444 2072 Spicula
485 2000 543 2051 et
585 2009 618 2050 e
660 1991 869 2051 mediis
910 1999 1176 2051 extantes
1217 1990 1450 2051 ossibus
1492 1991 1690 2051 hastas

199 2077 458 2152 Avellit,
508 2076 749 2136 stridunt
792 2077 1013 2137 animae
1058 2094 1402 2154 currumque
1447 2085 1781 2154 sequuntur.
2096 2084 2198 2140 770

334 2160 591 2222 Tandem
635 2179 701 2220 se
739 2160 953 2222 famulo
996 2178 1273 2220 summum
1314 2160 1621 2220 confessus
1667 2159 1917 2239 Apollo:

204 2246 422 2308 ‘Utere
469 2245 602 2305 luce
645 2253 742 2305 tua
784 2245 1164 2325 longamque,
1216 2247 1326 2321 ait,
1373 2246 1546 2306 indue
1583 2245 1813 2321 famam,

203 2332 355 2392 Dum
399 2330 502 2390 tibi
544 2348 636 2389 me
680 2331 930 2390 iunctum
964 2347 1122 2390 mors
1163 2331 1501 2390 inrevocata
1544 2339 1799 2389 veretur.

203 2416 529 2475 vincimur:
567 2415 795 2473 inmites
840 2417 955 2475 scis
992 2415 1146 2475 nulla
1187 2414 1501 2474 revolvere
1548 2414 1763 2475 Parcas

204 2501 490 2574 Stamina3
530 2498 680 2560 vade
726 2498 855 2575 diu,
895 2500 1128 2578 populis
1172 2501 1459 2578 promissa
1490 2498 1765 2576 voluptas
2097 2506 2198 2563 775

205 2585 477 2663 Elysiis,
510 2593 673 2644 certe
715 2600 830 2642 non
870 2601 1228 2662 perpessure
1274 2583 1547 2643 Creontis

205 2669 458 2748 Imperia
501 2677 598 2729 aut
635 2669 817 2728 vetito
854 2669 1039 2728 nudus
1079 2668 1322 2727 iaciture
1362 2666 1687 2745 sepulcro?

335 2754 446 2814 Ille
487 2753 672 2813 refert
714 2760 947 2827 contra,
995 2761 1054 2812 et
1096 2752 1327 2830 paulum
1365 2752 1620 2829 respirat
1658 2749 1731 2811 ab
1772 2754 1976 2812 armis:

210 2838 401 2899 ‘Olim
440 2847 529 2914 te,
571 2835 870 2912 Cyrrhaee
911 2845 1111 2915 pater,
1156 2838 1412 2915 peritura
1459 2836 1761 2895 sedentem

206 2924 303 2985 Ad
342 2925 476 3001 iuga
503 2956 589 2968 -—·
622 2923 750 3001 quis
790 2930 978 2980 tantus
1018 2922 1244 2979 miseris
1285 2917 1512 2980 honor?
1544 2954 1627 2967 —-·
1653 2938 1763 2980 axe
1799 2921 2069 2980 trementi
2101 2926 2204 2982 780

208 3008 535 3077 Sensimus;
576 3008 857 3067 instantes
900 3015 1146 3084 quon'am
1189 3021 1376 3085 usque
1415 3004 1725 3065 morabere
1767 3001 2010 3066 manes?

206 3093 402 3154 Audio
445 3093 555 3151 iam
594 3092 835 3170 rapidae
882 3105 1107 3150 cursum
1151 3090 1351 3167 Stygis
1396 3098 1635 3168 atraque
1670 3089 1821 3150 Ditis

204 3177 467 3239 Flumina
505 3177 983 3255 tergeminosque
1026 3174 1159 3235 mali
1203 3174 1460 3235 custodis
1493 3174 1700 3234 hiatus.

209 3263 438 3341 Accipe
475 3263 838 3321 commissum
885 3260 1062 3339 capiti
1105 3258 1322 3335 decus,
1372 3260 1578 3337 accipe
1625 3259 1842 3332 laurus,

209 3348 369 3421 Quas
409 3345 609 3407 Erebo
656 3346 891 3407 deferre
930 3344 1115 3407 nefas.
1196 3342 1364 3403 Nunc
1407 3360 1557 3404 voce
1599 3358 1891 3422 suprema,
2099 3348 2202 3404 785

210 3433 271 3493 Si
314 3450 428 3513 qua
467 3448 783 3493 recessuro
827 3428 1073 3492 debetur
1114 3430 1302 3509 gratia
1338 3430 1480 3506 vati,
