2517 3909
271 158 403 213 XIV
874 152 1215 209 EDITORIS
1250 153 1683 211 PRAEFATIO.

449 302 721 367 Frustra
786 320 1192 385 speraveram
1245 300 1388 365 fore
1441 302 1518 363 ut
1575 320 1653 364 ex
1717 298 2042 364 thesauris
2097 297 2317 364 Musei

271 390 640 457 Britannici
684 411 854 455 nova
901 388 1190 454 subsidia
1235 389 1399 453 mihi
1447 391 1996 473 compararentur.
2091 386 2218 453 Sed
2268 410 2315 453 a

274 480 715 563 Thoonpsom,
778 479 927 543 viro
985 499 1274 543 summae
1340 478 1755 543 liberalitatis
1828 475 2316 563 doctrinaeque,

272 572 510 636 certior
573 569 785 634 factus
854 568 933 632 de
1000 568 1302 633 omnibus
1370 571 1689 652 quotquot
1754 569 2176 632 asservantur
2237 567 2313 631 in

271 659 672 727 bibliotheca
712 655 881 721 Mus.
928 656 1091 722 Brit.
1137 656 1545 741 amplissima
1590 655 1951 741 codicibus,
1995 676 2312 740 magnum

274 771 353 814 ex
399 749 491 813 eis
538 748 987 813 adiumentum
1033 753 1408 831 exspectare
1455 746 1691 812 destiti.
1748 744 1912 812 Cum
1958 746 2134 810 enim
2169 746 2313 829 ple-

269 839 455 924 rique
509 858 768 902 versum
822 837 1113 921 spurium
1169 837 1239 901 in
1294 836 1422 901 fine
1479 835 1782 900 carminis
1831 834 2181 899 exhibeant
2232 856 2313 899 ac

274 927 684 993 deterrimam
748 925 1066 991 librorum
1132 924 1660 991 distributionem
1715 922 2313 1009 quinquepertitam

274 1016 427 1082 dare
482 1015 851 1099 videantur,
904 1016 1124 1081 nullus
1177 1036 1337 1081 vero
1389 1015 1563 1082 ultra
1618 1036 1782 1080 saec.
1828 1013 2091 1079 tertium
2138 1012 2312 1077 deci-

271 1129 449 1171 mum
511 1103 847 1189 ascendat,
907 1106 1162 1170 fructus
1223 1127 1302 1169 ex
1359 1103 1494 1169 illis
1562 1105 1672 1170 vix
1739 1103 1986 1187 percipi
2045 1102 2311 1186 poterit.

271 1195 459 1261 Addo
527 1193 730 1281 (quod
782 1194 1180 1279 benignitati
1225 1194 1414 1260 fleme.
1460 1193 1838 1259 Baehrens&
1882 1189 2144 1278 debeo),
2202 1212 2310 1256 ex-

271 1289 443 1350 stare
513 1284 797 1349 codicem
857 1284 1123 1348 miscell.
1186 1282 1560 1349 Etonensem
1613 1283 1721 1347 ΒΖ.
1770 1287 1828 1347 6.
1873 1284 1914 1347 5
1979 1301 2142 1346 saec.
2189 1301 2312 1344 un·

272 1374 530 1457 decimi,
570 1372 1053 1438 characteribus
1088 1372 1569 1457 longobardicis
1606 1371 1742 1438 foll.
1785 1370 2042 1437 18-37
2083 1368 2311 1435 Achil-

270 1462 444 1528 leida
488 1462 1154 1546 comprehendentem.

451 1550 697 1628 Quibus
772 1551 1083 1635 expositis
1149 1550 1341 1616 venio
1416 1571 1590 1614 nunc
1664 1551 1748 1615 ad
1817 1549 1992 1614 viros
2060 1548 2312 1633 doctos,

271 1642 381 1727 qui
428 1640 506 1705 de
541 1639 902 1707 Achilleide
949 1641 1112 1712 bene
1156 1639 1526 1705 meruerint.
1626 1639 1790 1705 Post
1833 1638 2311 1703 Maturantium

269 1735 336 1795 et
393 1730 765 1815 Amatam,
827 1731 981 1814 post
1036 1729 1478 1813 Bernartiwm‚
1540 1727 2089 1811 Mndenbroyium,
2148 1725 2309 1793 Gro-

268 1821 519 1886 noviam
564 1840 807 1904 magna
852 1824 1008 1885 sunt
1052 1820 1122 1884 in
1150 1818 1518 1897 Achilleida
1562 1819 1797 1883 merita
1822 1817 2078 1883 Nicolai
2106 1813 2308 1881 Hein-

268 1910 352 1975 siz·
404 1914 472 1975 et
523 1908 829 1975 Richoerdi
881 1906 1159 1994 Bentleii,
1225 1908 1338 1994 qui
1393 1929 1588 1992 quam
1647 1929 1843 1991 saepe
1908 1906 2104 1971 etiam
2160 1906 2307 1971 sine

270 1999 562 2065 codicum
628 1998 931 2064 subsidiis
1002 2019 1122 2064 suo
1181 1996 1448 2083 ingenio
1513 1997 1910 2062 rectissimas
1983 1995 2305 2060 lectiones

267 2087 661 2171 invenerint,
714 2089 1055 2172 permultis
1118 2087 1279 2153 locis
1345 2086 1731 2152 auctoritate
1787 2085 2183 2174 optimorum
2229 2083 2305 2147 Ii-

268 2178 531 2243 brorum
576 2175 760 2244 MSS.
799 2178 1231 2266 confirmatur.
1305 2173 1564 2241 Heinsii
1602 2174 2083 2241 emendationes
2129 2177 2197 2237 et
2232 2173 2304 2236 in

272 2264 730 2346 ‘Adversariis’
776 2267 955 2351 typis
1001 2287 1341 2349 expressas
1381 2267 1447 2330 et
1482 2266 1550 2329 in
1590 2264 1884 2350 margine
1915 2261 2304 2346 exemplaris

271 2355 572 2422 editionis
618 2354 1224 2441 Lindenbrogianae
1262 2352 1715 2439 Gottingensis
1754 2355 2085 2418 exstantes
2123 2350 2303 2415 Men—

265 2444 414 2510 kius
470 2444 969 2530 diligentissime
1035 2445 1341 2510 collectas
1398 2445 1464 2508 et
1519 2443 1876 2528 descriptas
1921 2442 1992 2505 in
2048 2439 2305 2505 schedis

269 2535 402 2599 suis
459 2534 739 2619 reliquit.
837 2534 1096 2600 Bentlei
1152 2533 1582 2612 coniecturaS,
1634 2534 1705 2597 in
1766 2529 2117 2615 exemplari
2172 2529 2301 2593 edi-

268 2623 469 2688 tionis
515 2622 942 2689 Gevartianae
989 2621 1193 2710 (Leid.
1244 2622 1446 2708 1616)
1493 2622 1685 2688 hodie
1731 2622 1802 2687 in
1845 2619 2011 2684 Mus.
2041 2617 2302 2683 Britan·

265 2713 414 2779 nico
472 2717 854 2779 conservato
912 2713 1193 2799 margini
1241 2711 1600 2795 adscriptas
1645 2712 1716 2775 in
1771 2711 1980 2774 lucem
2027 2707 2303 2793 protulit

265 2803 483 2869 Maur.
565 2802 893 2886 Hauptius
976 2800 1173 2888 (Berl.
1253 2801 1649 2867 Monatsber.
1727 2800 1895 2865 1861
1971 2820 2032 2881 p.
2109 2797 2234 2861 107
2242 2796 2301 2860 9.

271 2891 491 2979 1084).
552 2891 712 2957 Post
756 2892 903 2957 illos
951 2893 1124 2958 viros
1162 2891 1557 2957 clarissimos
1595 2887 1973 2976 dignissimi
2002 2891 2159 2952 sunt
2187 2885 2300 2970 qui

266 2984 848 3050 commemorentur
891 2981 1164 3050 Ioamws
1206 2978 1591 3062 Sokrapwus
1634 2982 1704 3044 et
1746 2978 1861 3043 Fr.
1908 2976 2076 3059 Any.
2111 2975 2294 3040 Men-

264 3073 406 3140 kius
460 3072 592 3158 (vel
646 3075 723 3136 ut
773 3072 915 3155 ipse
972 3071 1193 3137 audire
1254 3069 1546 3135 malebat
1599 3065 1872 3153 Mem).
1975 3064 2298 3130 Plurimae

263 3162 444 3228 illius
481 3161 893 3230 coniecturae
928 3164 996 3226 et
1029 3163 1100 3227 in
1137 3157 1742 3226 ‘observationibus
1768 3153 2067 3222 Francos.
2101 3150 2296 3217 1761’

264 3253 482 3337 palam
527 3250 739 3318 factae
787 3254 852 3317 et
895 3251 967 3315 in
1013 3251 1182 3316 libro
1220 3248 1358 3315 MS.
1393 3247 1828 3326 bibliothecae
1856 3242 2300 3310 Berolinensis

265 3364 344 3409 ex
388 3342 604 3427 legato
662 3338 954 3408 Santenii
1008 3337 1170 3425 (MS.
1217 3338 1393 3405 Diez.
1440 3336 1516 3402 B.
1574 3335 1751 3402 Sant.
1797 3334 1915 3421 47)
1972 3334 2303 3397 exstantes

265 3433 350 3497 ab
401 3431 684 3513 Hauptio
726 3430 767 3494 1.
804 3431 845 3495 l.
894 3429 1105 3496 editae
1153 3431 1322 3495 sunt.
1394 3426 1715 3511 Mevzkius,
1762 3447 1907 3491 cum
1945 3421 2103 3487 olim
2150 3441 2299 3487 con-
