2517 3909
125 158 217 221 44
860 158 921 213 P.
960 158 1236 213 PAPINII
1274 157 1516 213 STATII

127 302 260 368 Ora
303 325 491 387 puer,
539 303 692 369 dum
739 321 930 387 saepe
979 301 1155 368 domi
1198 324 1374 368 noua
1420 305 1593 368 serta
1636 302 1948 389 ligantem

125 391 216 456 Te
262 392 442 457 uidet
487 396 555 456 et
600 391 847 455 similes
894 394 1259 476 tergentem
1304 394 1564 475 pectore
1612 413 1816 459 curas.

126 479 317 545 Hunc
361 480 476 546 ubi
520 479 791 544 Lethaei
833 480 1222 546 lustrantem
1269 481 1548 565 gurgitis
1595 501 1741 546 oras

124 568 453 635 Ausonios
498 569 671 633 inter
713 589 1012 651 proceres
1060 569 1421 655 seriemque
1467 567 1723 646 Quirini
2167 588 2279 641 195

125 655 446 743 Agnouit,
488 656 713 722 timide
758 657 1043 741 primum
1086 657 1369 742 uestigia
1413 657 1630 744 iungit
1678 686 1694 732 ·.

126 747 412 811 Accessu
456 747 656 811 tacito
705 749 1118 830 summosque
1163 746 1427 810 lacessit
1472 747 1779 832 amictus,

125 834 282 900 Inde
327 834 540 920 magis
585 834 903 919 sequitur3
943 855 1153 918 neque
1200 833 1373 898 enim
1418 835 1626 921 magis
1673 836 1782 900 ille
1827 838 2200 904 trahentem

127 922 393 1007 Spernit
436 927 504 988 et
545 924 776 1008 ignota
820 923 1026 988 credit
1070 923 1149 987 de
1195 923 1398 1006 stirpe
1442 929 1771 1007 nepotum.

125 1011 281 1077 Mox
324 1013 438 1077 ubi
483 1011 750 1077 delicias
797 1014 864 1075 et
906 1011 1041 1075 rari
1085 1011 1356 1096 pignus-
1371 1012 1565 1076 amici
2166 1032 2279 1085 200

128 1099 348 1166 Sensit
394 1105 460 1166 et
506 1100 732 1165 amissi
777 1119 1052 1183 puerum
1098 1099 1336 1165 solatia
1379 1099 1625 1183 Blaesi,
2139 1115 2144 1122 ·
2180 1135 2186 1140 ·

127 1189 332 1255 Tollit
375 1190 576 1254 humo
623 1208 990 1273 magnaque
1034 1188 1203 1273 ligat
1247 1190 1500 1254 ceruice
1545 1189 1782 1274 diuque

124 1276 275 1362 Ipse
320 1300 516 1343 manu
562 1276 849 1363 gaudens
895 1276 1081 1341 uehit
1125 1279 1209 1360 et,
1255 1296 1421 1362 quae
1467 1299 1738 1343 munera
1783 1280 2004 1344 mollis
2079 1279 2084 1286 ’

123 1366 367 1451 Elysii,
412 1365 665 1432 steriles
710 1386 931 1430 ramos
977 1368 1321 1451 mutasque
1364 1366 1658 1432 uolucres
2003 1391 2008 1402 ’

125 1456 412 1520 Promsit
456 1459 523 1519 et
567 1455 801 1520 obtuso
847 1454 1164 1538 pallentes
1211 1455 1504 1539 germine
1543 1456 1760 1520 flores.
2166 1474 2278 1525 205

126 1542 266 1630 Nec
309 1543 619 1628 prohibet
662 1543 1039 1608 meminisse
1083 1543 1210 1627 tui,
1234 1543 1371 1608 sed
1415 1546 1685 1627 pectora
1730 1531 2003 1611 blandus

123 1632 359 1697 Miscet
403 1636 471 1696 et
513 1632 838 1696 alternum
881 1632 1069 1715 pueri
1107 1632 1399 1735 partitur
1447 1631 1776 1698 amorem.²

123 1720 250 1786 Hic
294 1721 446 1785 finis
491 1722 713 1805 rapto!
779 1720 937 1804 quin
981 1723 1054 1784 tu
1101 1721 1234 1784 iam
1280 1721 1549 1786 uulnera
1595 1721 1782 1785 sedas

125 1808 216 1874 Et
258 1809 441 1874 tollis
488 1829 777 1874 mersum
822 1809 1023 1873 luctu
1048 1808 1289 1893 caput?
1335 1810 1556 1874 omnia
1598 1808 1823 1892 fimeta

123 1898 262 1963 Aut
305 1898 623 1965 moritura
666 1897 882 1963 uides:
929 1898 1176 1963 obeunt
1217 1901 1570 1982 noctesque
1615 1897 1881 1985 diesque
2166 1916 2282 1969 210

123 1986 477 2073 Astraque,
522 2007 642 2052 nec
688 1986 915 2052 solidis
961 1987 1229 2071 prodest
1276 2007 1396 2050 sua
1441 1986 1746 2052 machina
1787 1988 2000 2053 terris.

124 2081 295 2141 Nam
339 2076 649 2163 populos,
695 2074 971 2140 mortale
1017 2095 1251 2159 genus,
1294 2074 1632 2159 plebisque
1680 2075 1956 2141 caducae

126 2164 284 2242 Quis
328 2165 482 2230 fleat
526 2162 878 2228 interitus?
923 2162 1045 2227 hos
1089 2163 1291 2247 bella,
1336 2163 1456 2227 hos
1505 2184 1785 2249 aequora
1829 2170 2137 2252 poscunt3

122 2252 248 2319 His
296 2275 479 2318 amor
523 2251 752 2336 exitio,
794 2249 978 2315 furor
1021 2250 1124 2315 his
1171 2254 1238 2315 et
1284 2273 1482 2316 saeua
1525 2251 1774 2337 cupido,

123 2340 218 2408 Ut
262 2343 493 2408 sileam
539 2341 833 2423 morbos3
879 2339 1001 2403 hos
1050 2361 1166 2404 ora
1209 2339 1491 2424 rigentia
1536 2340 1836 2426 Brumae,
2160 2359 2274 2410 215

121 2431 278 2497 Hlos
324 2430 653 2517 inplacido
698 2389 915 2493 leta’lis
965 2424 1170 2493 Sirius
1214 2429 1383 2513 igni,

122 2518 262 2586 Hos
308 2522 532 2584 manet
576 2517 915 2584 imbrifero
960 2517 1210 2602 pallens
1258 2520 1605 2582 autumnus
1650 2517 1855 2583 hiatu.

127 2606 446 2693 Quicquid
493 2607 619 2672 init
663 2609 874 2690 ortus,
918 2606 1117 2670 finem
1159 2606 1366 2671 timet.
1439 2605 1679 2670 ibimus
1726 2623 1979 2689 omneS,

120 2696 398 2763 Ibimus.
445 2696 785 2761 immensis
830 2714 1063 2760 urnam
1109 2695 1324 2780 quatit
1366 2693 1617 2759 Aeacus
1663 2695 1853 2758 ulnis.

120 2784 249 2851 Ast
291 2785 426 2870 hic,
480 2805 673 2870 quem
720 2784 1057 2870 gemimus,
1107 2782 1267 2848 felix
1315 2782 1738 2866 hominesque
1783 2779 2067 2870 deosque
2160 2801 2274 2854 220

266 3071 371 3123 198
409 3083 592 3137 neque
627 3065 744 3122 iam
780 3066 962 3137 magis
1000 3064 1098 3120 ille
1135 3064 1464 3140 sequentem
1503 3062 1714 3117 Markl.
1742 3064 1890 3131 η201
1931 3063 2106 3122 blessi
2142 3073 2188 3121 A
2219 3075 2276 3141 0,

119 3152 255 3193 corr.
297 3141 334 3193 ς
361 3141 514 3208 11204
550 3138 870 3207 multasque
906 3142 952 3190 A
989 3143 1041 3206 ⁰,
1080 3149 1218 3190 corr.
1259 3138 1298 3189 ς
1324 3137 1345 3203 n
1373 3137 1477 3188 205
1512 3134 1700 3189 Prosit
1733 3136 1883 3203 scrip
1885 3136 1967 3189 si.-
2002 3133 2193 3194 Prosit
2231 3146 2272 3193 o

118 3208 305 3264 Porsit
341 3213 379 3264 ς
415 3227 450 3262 a
484 3208 682 3264 Porxit
713 3210 884 3279 uulgo
928 3177 1128 3290 Porgit
1160 3206 1438 3260 Boethius
1476 3206 1486 3275 Ι
1526 3203 1728 3260 obtuso
1765 3209 1841 3260 Δ·
1841 3151 2135 3264 pobtunso
2175 3200 2213 3263 ⁰
2248 3212 2268 3284 fl

120 3284 224 3336 20¹7
302 3295 437 3335 uero
476 3280 719 3348 Man-kl„
749 3281 941 3335 malim
977 3276 1208 3334 soi-fitur
1248 3278 1271 3345 fl
1315 3281 1420 3330 212
1455 3275 1698 3346 populus
1735 3280 1771 3328 0
1807 3294 1841 3328 ι
1883 3278 1905 3346 n
1949 3284 2058 3332 214
2094 3284 2273 3337 caeca

119 3350 249 3421 cupi
288 3366 324 3407 o
370 3352 580 3408 Markl.
626 3354 649 3422 Ι
692 3356 798 3407 218
842 3350 954 3406 init
996 3348 1073 3402 Δ*
1110 3351 1171 3402 ⁰:
1216 3348 1394 3402 habet
1441 3351 1478 3401 ς
1528 3349 1540 3415 Ι
1586 3345 1775 3417 timet]
1821 3349 2012 3403 malim
2048 3351 2212 3407 uidet
2246 3354 2272 3428 n

118 3427 223 3476 219
263 3422 410 3478 ulnis
451 3428 515 3479 3:
552 3419 763 3480 umbris
800 3428 835 3474 ⁰
872 3440 906 3475 a
