2517 3909
969 195 1458 252 ACHILLEIDOS
1492 196 1555 251 L.
1593 197 1637 252 1.
2226 197 2311 259 27

269 342 499 407 Turba
544 341 705 423 coit,
749 339 1109 425 blandeque
1153 362 1357 406 novas
1402 341 1497 406 nil
1539 341 1674 406 tale
1719 341 1981 408 timenti

271 431 603 496 Admovet
645 428 945 495 insidias:
991 429 1175 494 illam
1220 430 1638 515 sequiturque
1683 431 2053 515 premitque

271 519 625 603 Improbus
636 568 654 602 ,
709 518 897 583 illam
952 519 1158 583 oculis
1204 519 1570 603 iterumque
1614 519 1980 605 iterumque
2025 519 2315 585 resumit.

265 608 466 675 Nunc
509 607 752 672 nimius
798 607 991 673 lateri
1034 629 1171 673 non
1215 609 1525 673 evitantis
1570 608 1892 692 inhaeret,
2209 623 2316 674 570

268 696 465 764 Nunc
511 696 766 762 levibus
814 695 1033 779 sertis,
1076 696 1282 781 lapsis
1325 718 1500 762 nunc
1546 701 1777 781 sponte
1825 697 2135 764 canistris

270 785 468 851 Nunc
513 785 746 869 thyrso
791 789 1097 869 parcente
1142 785 1326 869 ferit3
1374 786 1568 851 modo
1615 786 1829 852 dulcia
1873 792 2071 852 notae

268 873 422 940 Fila
464 875 648 958 lyrae
692 876 1051 959 tenuesque
1093 874 1324 940 modos
1373 877 1440 939 et
1482 874 1774 940 carmina
1818 873 2146 941 'monstrat

276 961 587 1028 Chironis
634 962 936 1046 ducitque
982 984 1249 1028 manum
1290 963 1664 1048 digitosque
1712 966 1975 1029 sonanti

269 1051 591 1136 Infringit
635 1051 954 1135 citharae,
999 1073 1174 1117 nunc
1220 1057 1498 1136 occupat
1543 1075 1659 1118 ora
1704 1054 1999 1119 canentis
2209 1066 2313 1118 575

268 1141 369 1206 Et
415 1141 582 1226 ligat
628 1139 967 1223 amplexus
1013 1143 1082 1204 et
1124 1139 1302 1206 mille
1347 1162 1465 1224 per
1510 1142 1734 1207 oscula
1779 1142 2019 1208 laudat.

269 1229 405 1295 Illa
448 1229 658 1294 libens
704 1228 922 1314 discit,
968 1251 1098 1314 quo
1143 1229 1387 1294 vertice
1432 1229 1688 1315 Pelion,
1735 1233 1805 1295 et
1849 1232 1992 1314 quis

270 1318 622 1403 Aeacides,
668 1319 982 1403 puerique
1028 1317 1321 1384 auditum
1366 1340 1605 1385 nomen
1652 1322 1720 1383 et
1766 1323 1948 1384 actus

268 1407 568 1474 Adsidue
602 1409 840 1492 stupet
883 1409 951 1471 et
994 1411 1404 1492 praesentem
1451 1411 1675 1473 cantat
1718 1405 2063 1475 Achillem.

265 1497 431 1582 Ipsa
476 1516 733 1581 quoque
779 1500 846 1560 et
887 1496 1143 1561 validos
1188 1496 1483 1581 proferre
1527 1496 1885 1563 modestius
1932 1502 2117 1564 artus
2209 1512 2314 1562 580

269 1586 370 1651 Et
414 1589 684 1650 tenuare
727 1584 919 1649 rudes
965 1585 1199 1652 attrito
1243 1586 1486 1670 pollice
1531 1586 1716 1652 lanas

267 1674 707 1741 Demonstrat
750 1674 1083 1759 reficitque
1130 1675 1310 1741 colus
1359 1677 1424 1740 et
1467 1675 1722 1758 perdita
1768 1675 1930 1741 dura

271 1764 496 1829 Pensa
539 1782 765 1845 manu3
809 1763 1116 1847 vocisque
1161 1784 1397 1828 sonum
1443 1763 1821 1847 pondusque
1867 1763 2182 1848 tenentis,

276 1852 598 1937 Quodque
643 1850 815 1936 fugit
860 1850 1161 1935 comites,
1205 1851 1412 1918 nimio
1459 1852 1632 1935 quod
1679 1851 1922 1916 lumine
1969 1874 2111 1917 sese

269 1941 476 2026 Figat
522 1943 589 2005 et
632 1939 701 2012 in
746 1939 961 2005 verbis
1008 1940 1509 2024 intempestivus
1557 1940 1850 2025 anhelet,
2210 1955 2316 2006 585

270 2029 584 2096 Miratur:
630 2027 764 2093 iam
808 2029 1065 2113 iamque
1111 2030 1299 2096 dolos
1346 2030 1597 2115 aperire
1642 2033 1986 2114 parantem

272 2119 601 2205 Virginea
644 2118 915 2183 levitate
958 2117 1136 2222 fugit
1179 2118 1611 2222 prohibetque
1658 2118 1869 2183 fateri.

271 2207 389 2275 Sic
434 2208 555 2273 sub
602 2209 810 2272 matre
847 2205 1042 2273 Rhea
1086 2195 1341 2273 iuvenis
1386 2211 1697 2294 regnator
1741 2206 2004 2292 Olympi

271 2296 520 2363 Oscula
566 2317 829 2362 securae
873 2295 1076 2362 dabat
1119 2296 1436 2362 insidiosa
1480 2296 1693 2363 sorori

271 2386 510 2453 Frater
556 2384 791 2470 adhuc,
836 2385 1036 2450 medii
1080 2385 1286 2451 donec
1331 2387 1697 2452 reverentia
1742 2384 1940 2449 cessit
2209 2399 2314 2449 590

275 2473 632 2559 Sanguinis
680 2478 747 2538 et
792 2495 979 2540 veros
1025 2495 1341 2559 germana
1384 2475 1650 2558 expavit
1695 2495 1968 2539 amores.

271 2563 572 2630 Tandem
615 2562 858 2628 detecti
901 2564 1171 2629 timidae
1216 2562 1535 2629 Nereidos
1582 2567 1784 2628 astus.

457 2650 674 2717 Lucus
721 2649 1052 2736 Agenorei
1098 2652 1399 2736 sublimis
1446 2653 1529 2718 ad
1575 2652 1762 2738 orgia
1803 2650 2050 2717 Bacchi

274 2739 518 2807 Stabat
564 2742 631 2805 et
674 2740 1032 2806 admissum
1077 2742 1254 2806 caelo
1301 2762 1557 2807 nemus:
1604 2741 1798 2806 huius
1845 2741 1914 2807 in
1958 2740 2195 2806 umbra

273 2830 622 2896 Alternam
668 2850 980 2895 renovare
1024 2831 1173 2914 piae
1217 2830 1558 2896 trieterida
1601 2833 1845 2895 matres
2213 2842 2318 2893 595

424 2992 530 3043 567
550 2985 697 3041 nihil
718 2985 789 3057 ΡΗ
810 2990 917 3041 570
944 3002 995 3040 υ.
1022 2987 1363 3056 ¹:221».va
1394 2989 1506 3041 575
1530 2987 1814 3041 invenitur
1835 2985 1844 3058 Ι
1869 2984 2128 3041 inhaeret
2145 2989 2321 3037 Alm

275 3059 557 3115 adhaeret
578 3058 698 3114 edd.
716 3056 737 3129 ΙΙ
755 3062 859 3111 572
887 3058 1076 3112 motae
1095 3055 1515 3183 Hamujffiu
1544 3056 1796 3113 sonantis
1824 3063 1865 3109 P
1884 3056 1917 3140 Η.
1922 3062 2027 3112 576
2056 3054 2323 3125 amplexu

276 3129 386 3186 Fr.
418 3129 654 3185 Modiue
689 3128 953 3198 amplexu
978 3145 1084 3184 nec
1108 3128 1271 3183 nulla
1379 3129 1602 3196 ithofius
1626 3130 1648 3198 ΙΙ
1674 3133 1781 3184 578
1812 3144 1864 3182 υ.
1891 3129 1959 3182 in
1991 3134 2019 3179 t
2044 3128 2118 3182 al.
2146 3143 2322 3181 mama

272 3202 428 3257 inter
458 3217 510 3258 v.
550 3203 663 3257 577
706 3205 758 3254 et
794 3202 908 3255 680
951 3200 1264 3269 insertueu
1317 3204 1422 3254 579
1475 3217 1525 3254 υ.
1563 3200 1629 3255 in
1663 3206 1689 3252 t
1741 3215 1915 3268 mam.
1967 3198 2282 3266 adecrsptus
2302 3196 2324 3269 11

275 3276 385 3329 582
424 3272 579 3327 colos
616 3271 770 3327 codd.
810 3270 965 3326 colus
1000 3272 1202 3340 scripsi
1236 3287 1361 3325 cwm
1395 3277 1439 3323 1)
1476 3272 1594 3327 coll.
1633 3287 1682 3324 v.
1714 3273 1826 3325 635
1859 3269 2021 3326 Theb.
2051 3270 2181 3323 III
2205 3271 2322 3324 242

282 3343 347 3398 X
382 3347 495 3398 649
544 3345 554 3412 Ι
602 3342 818 3414 perfida
861 3341 1031 3397 durat
1064 3347 1105 3395 Ρ
1150 3343 1171 3411 ΙΙ
1224 3346 1330 3396 583
1377 3342 1891 3411 Imm-punctionem
1936 3342 2151 3395 correxi
2199 3356 2325 3394 cwm

281 3414 516 3471 Menkio
551 3419 603 3470 et
637 3414 931 3470 Duelmero
975 3414 996 3483 ΙΙ
1050 3417 1154 3468 585
1210 3413 1319 3483 Fig
1320 3411 1367 3468 it
1399 3415 1496 3479 ΠΙ
1538 3412 1771 3467 anhelat
1803 3418 1882 3465 tl>
1937 3411 1959 3481 ΙΙ
2011 3417 2116 3467 594
2151 3410 2325 3480 hujus

278 3485 342 3542 in
376 3502 507 3542 ume
544 3490 585 3539 1³
620 3487 642 3556 ΙΙ
687 3490 791 3541 595
829 3485 1126 3540 Alternam
1161 3489 1202 3538 1³
1240 3484 1554 3541 Gronovius
1599 3483 1895 3539 Alternum
1932 3484 2094 3539 ceteri
2125 3487 2134 3552 Ι
2165 3495 2326 3537 reno·
