2517 3909
356 155 475 216 196
999 169 1071 216 P.
1123 169 1388 217 PAPINII
1428 169 1661 218 s'rATn

354 324 516 383 Illius
560 340 858 400 exangues
900 324 1120 385 humeri
1164 335 1223 385 et
1262 325 1534 404 perfossa
1575 332 1885 404 patescunt

353 410 634 484 Pectora,
683 429 792 469 eeu
828 411 1016 469 ventis
1055 411 1175 469 alte
1218 428 1391 487 quum
1431 411 1583 470 elata
1625 409 1847 467 resedit

356 493 732 571 TempestaS,
774 503 1011 571 surgunt
1052 487 1312 572 Beopuli,
1360 496 1736 572 quaesitaque
1778 495 1965 551 nautis

356 577 568 653 Terra,
617 588 676 638 et
718 579 790 638 ab
836 579 1061 638 infestis
1102 579 1460 639 descendunt
1501 592 1759 656 aequora
1800 580 1979 637 saxis.
2247 587 2349 637 525

482 661 632 736 Quid
675 665 831 742 ripas
874 665 1131 723 tenuisse
1176 661 1369 724 iuvat?
1415 665 1622 742 premit
1657 662 1911 739 undique
1950 661 2146 720 nimbo

352 743 627 809 Telorum
667 748 984 808 Phoenissa
1025 749 1273 824 (robore,
1322 768 1432 808 nee
1474 749 1727 825 tegmina
1773 746 2046 805 membris

353 834 514 908 Ulla,
557 834 861 912 omnisque
898 841 1059 911 patet
1105 834 1253 901 leto;
1300 843 1434 893 tuno
1477 833 1718 892 vulnera
1758 839 2007 905 manant,

355 918 585 995 Quique
628 917 736 976 sub
779 936 943 977 amne
983 917 1079 976 diu
1122 920 1337 996 stupuit
1379 935 1584 992 eruor,
1625 934 1762 976 aere
1805 916 1957 976 nudo

355 1003 641 1077 Solvitur,
685 1011 744 1061 et
779 1011 982 1062 tenues
1018 1021 1294 1062 venarum
1337 1003 1494 1062 laxat
1534 1003 1739 1076 hiatus,
2247 1008 2350 1061 530

349 1087 681 1164 Incertique
726 1086 920 1146 labant
956 1087 1228 1146 undarum
1269 1087 1491 1164 frigore
1534 1104 1792 1163 gressus.

351 1171 707 1246 Procumbit,
758 1170 960 1231 Getico
1000 1171 1185 1248 qualis
1226 1171 1555 1250 procumbit
1592 1173 1650 1229 in
1686 1169 1901 1228 Haemo

353 1259 472 1319 Seu
515 1255 741 1315 Boreae
780 1256 979 1331 furiiS,
1027 1258 1179 1333 putri
1223 1275 1329 1316 seu
1367 1254 1587 1315 robore
1629 1272 1880 1332 quereus

354 1341 541 1401 Coelo
585 1342 757 1400 mixta
805 1357 1001 1399 comas
1036 1342 1444 1418 ingentemque
1484 1358 1623 1399 aera
1665 1340 1837 1398 laxat.

351 1425 519 1485 Illam
562 1434 849 1484 nutantem
892 1442 1089 1483 nemus
1133 1434 1191 1484 et
1232 1442 1396 1485 mons
1430 1426 1561 1502 ipse
1603 1425 1903 1497 tremiscit,
2252 1429 2351 1483 535

354 1509 481 1584 Qua
526 1510 736 1568 tellure
784 1510 982 1582 eadat,
1030 1527 1173 1587 quas
1216 1510 1424 1569 obruat
1460 1509 1665 1568 ordine
1706 1507 1904 1566 silvas.

474 1593 605 1653 Non
647 1603 835 1653 tamen
878 1602 974 1653 aut
1013 1611 1213 1653 ensem
1250 1594 1557 1671 galeamve
1605 1593 1844 1653 audacia
1894 1591 2171 1668 cuiquam

354 1678 653 1756 Tangere3
696 1680 795 1737 vix
830 1679 1070 1737 eredunt
1116 1679 1333 1752 oeulis,
1379 1679 1748 1755 ingentiaque
1792 1676 2034 1734 horrent

350 1763 610 1839 Funera,
659 1773 717 1823 et
758 1763 1050 1822 adstrictis
1096 1763 1382 1822 accedunt
1420 1764 1680 1822 eominus
1721 1762 1914 1820 armiS.

357 1847 610 1908 Tandem
654 1848 788 1907 adiit
827 1846 1130 1925 Hypseus,
1172 1847 1559 1925 capulumque
1594 1849 1652 1905 in
1694 1853 1880 1904 morte
1922 1846 2149 1903 tenenti
2254 1852 2357 1906 54⁰

353 1932 649 2008 Extrahit,
698 1941 756 1991 et
799 1941 998 1991 torvos
1047 1932 1260 1991 laxavit
1296 1931 1523 1990 casside
1568 1930 1779 2006 vultus,

354 2016 521 2095 Itque
564 2035 673 2094 per
703 2017 927 2076 Aonios
961 2017 1080 2075 alte
1120 2033 1396 2077 mucrone
1436 2031 1685 2075 corusco

356 2103 711 2180 Suspensam
756 2110 1050 2160 ostentans
1085 2101 1314 2177 galeam
1359 2109 1417 2160 et
1462 2100 1719 2160 elamore
1764 2097 2064 2175 superbit:

357 2185 500 2245 ‘Hie
544 2185 701 2245 ferus
744 2185 1179 2264 Hippomedon,
1218 2186 1313 2244 hio
1358 2184 1736 2245 formidabilis
1780 2182 1937 2242 ultor.

357 2270 593 2345 Tydeos
631 2269 844 2329 infandi
884 2269 1331 2347 debellatorque
1367 2271 1589 2329 cruenti
2255 2275 2357 2328 545

358 2354 653 2431 Gurgitis.'
733 2353 988 2431 Agnovit
1030 2354 1204 2430 longe
1249 2355 1581 2431 pressitque
1622 2353 1891 2413 dolorem

354 2437 749 2515 Magnanimus
801 2436 1137 2517 CapaneuS,
1179 2437 1491 2516 telumque
1518 2440 1741 2496 inmane
1788 2436 2014 2495 lacerto

354 2520 628 2582 Hortatur
670 2523 917 2582 librans:
965 2523 1156 2582 ‘Ades
1195 2540 1234 2581 o
1277 2523 1458 2597 mibi,
1489 2523 1762 2597 dextera,
1802 2530 2018 2580 tantum

358 2605 444 2664 Tu
487 2625 771 2684 praesens
816 2607 989 2667 bellis
1034 2616 1091 2667 et
1127 2607 1465 2666 inevitabile
1502 2625 1731 2681 nume-n,
1998 2630 2003 2635 ·

357 2688 441 2749 Te
483 2708 668 2766 voco,
713 2701 773 2750 te
818 2693 1001 2752 solam
1038 2709 1310 2770 superum
1355 2700 1718 2769 contemptor
1760 2690 1987 2749 adoro?
2260 2701 2362 2752 550

485 2776 584 2834 Sio
622 2778 730 2850 ait,
774 2785 831 2835 et
872 2779 993 2835 voti
1035 2794 1172 2834 sese
1217 2776 1357 2835 facit
1398 2777 1526 2854 ipse
1571 2783 1891 2854 potentem-.-

358 2858 425 2918 lt·
449 2859 829 2920 tremebunda
868 2859 1035 2919 abies
1076 2860 1327 2938 clipeum
1368 2877 1479 2937 per
1521 2869 1579 2918 et
1621 2876 1797 2919 aera-e
1838 2867 2008 2934 terga

356 2943 602 3005 Lorioae
647 2944 995 3022 tandemque
1037 2945 1280 3003 animam
1325 2943 1433 3002 sub
1478 2953 1724 3021 pectore
1767 2960 1975 3019 magno

356 3027 704 3106 Deprendit;
747 3030 860 3086 ruit
900 3027 1052 3087 hau-d
1094 3028 1212 3088 alio
1252 3045 1423 3105 quam
1467 3028 1627 3087 celsa
1671 3027 1908 3103 fragore

361 3111 591 3187 Turris,
638 3111 735 3170 ubi
774 3114 1101 3171 innumeros
1141 3114 1370 3189 penitus
1415 3121 1683 3188 quassata
1712 3129 1832 3189 per
1876 3113 2023 3169 ictus
2258 3118 2360 3174 555

356 3195 590 3255 Labitur
632 3196 1046 3273 effractamque
1090 3197 1281 3271 aperit
1319 3195 1640 3255 victoribus
1678 3195 1897 3254 urbem.

360 3279 467 3337 Cui
510 3297 688 3357 super
730 3280 1041 3338 assistens:
1091 3278 1258 3337 ‘Non
1299 3279 1602 3339 infitiamur
1638 3279 1951 3340 bonorem'

359 3360 593 3436 Hortis,
640 3365 749 3438 ait,
795 3362 956 3422 refer
998 3363 1109 3422 hue
1149 3363 1390 3437 oculoS,
1437 3382 1551 3441 ego
1592 3365 1849 3427 vulneris
1891 3375 2131 3435 aneton

357 3442 565 3502 Laetus
611 3445 736 3521 abi,
781 3447 1133 3525 multumque
1175 3446 1309 3507 aliis
1352 3449 1654 3510 iactantior
1693 3449 1928 3509 umbris.
