2517 3909
823 140 1220 215 'rimaranes
1259 167 1402 216 mn.
1446 168 1542 216 lx.

181 319 348 380 Tunc
389 337 589 380 ensem
623 319 972 400 galeamque
1012 323 1163 401 rapit
1203 323 1574 402 clipeumque
1608 325 1843 387 revellit

177 404 489 485 HypseoS,
529 406 965 485 exanimemque
1005 416 1212 467 tenens
1256 426 1437 486 super
1471 408 1973 488 Hippomedonta:

184 490 485 569 ‘Accipe,
529 491 638 566 ait,
683 491 848 551 simul
894 491 1174 568 hostiles,
1220 491 1338 551 dux
1373 511 1616 571 magne,
1658 504 1903 575 tuasque

180 574 474 651 Exuvias,
513 576 711 634 veniet
756 576 935 634 cineri
983 575 1165 635 decus
1212 585 1270 635 et
1313 595 1449 636 suus
1498 578 1643 638 ordo

179 659 474 727 Manibus;
515 658 739 719 interea
779 660 963 719 iustos
1008 660 1141 719 dum
1179 660 1473 721 reddimus
1516 664 1705 741 ignes,

179 743 310 804 Hoc
354 743 511 803 ultor
554 741 861 822 Capaneus
905 746 1097 823 operit
1139 755 1235 805 tua
1279 746 1538 808 membra
1582 749 1903 826 sepulcro.'

310 828 411 887 Sic
454 844 675 907 anceps
710 829 851 888 dura
894 827 1038 888 beni
1080 832 1213 889 vice
1258 839 1450 890 mutua
1494 830 1683 892 Graiis

182 912 555 991 Sidoniisque
599 913 763 973 simul
811 912 1089 974 nectebat
1128 914 1371 974 vulnera
1413 914 1666 976 Mavors,

179 997 290 1057 Hic
335 997 496 1056 ferus
540 996 977 1076 Hippomedon,
1021 998 1140 1057 illic
1186 1016 1302 1057 non
1345 1001 1583 1076 segnior
1618 1000 1889 1081 Hypseus

180 1081 416 1157 Fletur,
463 1090 524 1140 et
567 1081 772 1141 alterni
815 1081 1100 1159 praebent
1141 1083 1350 1143 solatia
1394 1083 1600 1145 luctus.

181 1165 470 1226 Tristibus
514 1166 733 1226 interea
781 1183 1038 1226 somnum
1073 1166 1300 1227 turbata
1342 1168 1545 1244 figuris

183 1250 378 1311 Torva
421 1250 729 1327 sagittiferi
771 1259 953 1310 mater
996 1250 1272 1330 Tegeatis
1307 1251 1561 1330 Ephebi,

182 1333 359 1395 Crine
403 1334 537 1394 dato
588 1336 801 1414 passim
844 1335 1171 1414 plantisque
1217 1355 1294 1396 ex
1334 1354 1499 1396 more
1540 1336 1768 1413 solutis,

179 1419 334 1479 Ante
380 1420 532 1479 diem
573 1419 803 1496 gelidas
845 1419 963 1478 ibat
1003 1419 1254 1480 Ladonis
1300 1420 1372 1480 ad
1413 1420 1596 1481 undas

175 1505 498 1580 Purgatura
541 1503 750 1563 malum
789 1503 963 1563 fluvio
1005 1505 1242 1564 ¹vivente
1286 1523 1581 1583 soporem.

175 1588 442 1665 Namque
486 1605 595 1666 per
636 1589 907 1648 attonitas
952 1606 1215 1648 curarum
1259 1590 1523 1667 pondere
1560 1599 1769 1651 noctes

178 1675 377 1752 Saepe
424 1683 484 1733 et
525 1672 802 1751 delapsas
846 1673 1068 1749 adytis,
1116 1691 1258 1751 quas
1302 1675 1430 1752 ipsa
1474 1675 1717 1751 dicarat,

174 1756 473 1833 Exuvias,
521 1775 703 1836 seque
740 1758 956 1835 ignotis
999 1775 1200 1817 errare
1243 1758 1537 1836 sepulcris

174 1841 490 1902 Extorrem
531 1843 783 1902 nemoris
823 1841 1233 1920 Dryadumque
1272 1862 1306 1902 a
1343 1842 1524 1921 plebe
1566 1841 1840 1921 fugatam,

177 1928 376 2005 Saepe
419 1944 605 1986 novos
644 1927 761 1986 nati
803 1925 962 1986 bello
1007 1927 1256 1987 rediisse
1296 1926 1636 2005 triumphos,

175 2011 472 2089 Armaque
512 2020 573 2070 et
613 2011 904 2090 alipedem
945 2021 1141 2071 notum
1185 2013 1545 2090 comitesque
1583 2010 1841 2088 videbat,

174 2094 474 2173 Nusquam
514 2097 737 2175 ipsum,
782 2114 932 2155 nunc
978 2115 1055 2156 ex
1097 2095 1348 2156 humeris
1386 2096 1627 2156 fluxisse
1662 2097 1983 2176 pharetras,

172 2179 543 2257 Effigiesque
588 2198 724 2240 suas
768 2180 1190 2260 simulacraque
1233 2191 1369 2241 nota
1412 2182 1677 2240 cremari.

175 2265 537 2343 Praecipuos
590 2264 694 2324 sed
737 2266 885 2324 enim
919 2265 1019 2325 illa
1058 2274 1244 2324 metus
1288 2265 1643 2344 portendere
1688 2267 1813 2327 visa

174 2348 314 2408 Nox
354 2350 603 2409 miserae
644 2356 887 2427 totoque
930 2351 1120 2409 erexit
1162 2360 1408 2428 pectore
1450 2358 1710 2410 matrem.

310 2432 464 2492 Nota
499 2452 610 2512 per
651 2432 932 2493 Arcadias
966 2433 1128 2493 felici
1158 2433 1376 2494 robore
1421 2435 1597 2495 silvas

176 2516 445 2592 Quercus
489 2527 642 2594 erat,
692 2517 922 2578 Triviae
964 2536 1132 2595 quam
1176 2519 1587 2579 desacraverat
1627 2520 1752 2597 ipsa

173 2601 445 2663 Electam
486 2600 652 2662 turba
694 2619 990 2663 nemorum
1031 2621 1355 2681 numenque
1396 2603 1644 2663 colendo

174 2685 459 2754 Fecerat;
502 2686 599 2746 hic
639 2705 812 2746 arcus
847 2695 908 2746 et
951 2687 1110 2746 fessa
1147 2705 1441 2766 reponere
1477 2687 1597 2748 tela

174 2772 471 2848 Armaque
519 2789 695 2832 curva
728 2790 921 2847 suum,
959 2781 1021 2832 et
1057 2789 1372 2832 vacuorum
1405 2778 1578 2849 terga
1612 2772 1844 2834 leonum

172 2855 394 2933 Figere
439 2864 497 2914 et
539 2856 807 2932 ingentes
849 2858 1154 2934 aequantia
1190 2875 1406 2919 cornua
1452 2857 1648 2917 silvas.

171 2939 291 2999 Vix
334 2940 507 3000 ramis
549 2939 750 3016 locus,
796 2949 1066 3016 agrestes
1099 2941 1248 3001 adeo
1293 2943 1481 3001 omnia
1524 2942 1757 3019 cingunt

171 3023 472 3099 Exuviae,
522 3032 582 3083 et
620 3024 866 3084 viridem
903 3024 1044 3084 ferri
1088 3026 1241 3084 nitor
1284 3025 1503 3103 inpedit
1544 3026 1819 3088 umbram.

171 3108 373 3185 Hanc,
418 3117 480 3167 ut
520 3107 675 3168 forte
719 3108 870 3186 iugis
914 3109 1089 3186 longo
1134 3109 1372 3169 defessa
1413 3109 1638 3171 redibat

170 3193 400 3252 Venatu
423 3237 441 3268 ,
488 3191 661 3251 modo
704 3201 870 3271 rapta
905 3193 1080 3253 ferox
1117 3191 1562 3269 Erymanthidos
1602 3213 1777 3256 ursae

172 3277 288 3337 Ora
335 3277 571 3353 ferens,
616 3275 796 3336 multo
842 3278 1195 3356 proscissam
1237 3279 1481 3338 vulnere
1518 3280 1704 3339 cernit

168 3362 543 3441 Deposuisse
587 3378 808 3421 comam
852 3370 911 3421 et
947 3371 1212 3421 rorantes
1262 3364 1542 3440 sanguine
1582 3379 1772 3423 ramos

168 3445 496 3525 Expirasse
542 3444 709 3513 solo;
758 3446 1058 3524 quaerenti
1092 3444 1357 3525 Nympha
1400 3454 1667 3506 cruentas

2068 161 2183 221 197

2077 762 2180 816 565

2075 1183 2180 1237 570

2072 1606 2180 1660 575

2069 2026 2177 2080 580

2067 3293 2169 3347 595
