2517 3909
222 192 313 256 24
912 192 974 247 Ρ.
1010 190 1294 246 PAPINII
1330 191 1570 247 STATII

220 337 627 423 Increpitans
662 357 905 422 magno
952 340 1173 401 vatem
1220 336 1580 403 Calchanta
1623 338 1913 402 tumultu

222 425 625 491 Protesilaus
673 425 769 490 ait
812 423 1122 512 (namque
1165 425 1320 491 huic
1363 427 1604 491 bellare
1651 426 1887 511 cupido

221 515 579 598 Praecipua
616 518 683 579 et
708 515 963 598 primae
991 515 1127 580 iam
1152 519 1310 579 tunc
1347 516 1501 581 data
1537 516 1751 600 gloria
1785 512 2081 603 mortis):
2151 526 2267 577 495

226 602 308 668 Ὃ
354 604 630 668 nimium
676 602 928 668 Phoebi
972 604 1429 690 tripodumque
1476 604 1677 670 oblite
1724 608 2012 686 tuorum,

224 692 642 776 Thestoride,
689 692 947 776 quando
995 715 1112 757 ora
1157 692 1277 758 deo
1323 715 1628 779 possessa
1671 694 1965 759 movebis

226 779 500 865 IustiuS‚
547 783 661 845 aut
705 802 1023 865 quaenam
1066 780 1419 847 Parcarum
1466 783 1717 848 occulta
1761 779 2099 848 recludes?

226 867 455 934 Cernis
500 873 577 933 ut
620 870 918 955 ignotum
966 871 1180 935 cuncti
1227 874 1659 955 stupeantque
1703 873 2132 956 premantque

224 959 594 1023 Aeaciden?
687 955 968 1023 Sordent
1009 959 1210 1044 vulgo
1258 957 1658 1044 Calydonius
1703 959 1896 1025 heros
2157 972 2275 1022 500

222 1047 320 1112 Et
366 1068 607 1133 magno
655 1047 916 1133 genitus
961 1047 1311 1113 Telamone
1357 1049 1654 1133 Aiaxque
1701 1049 2048 1132 secundus,

221 1135 367 1202 Nos
415 1158 700 1221 quoque:
749 1136 861 1200 sed
898 1134 1162 1202 Mavors
1209 1142 1278 1201 et
1314 1138 1513 1202 Troia
1550 1138 1820 1221 abrepta
1869 1136 2274 1222 probabunt.

221 1225 425 1290 Illum
472 1224 793 1310 neglectis
841 1222 1072 1309 (pudet
1115 1225 1243 1290 heu
1257 1225 1302 1312 Ξ)
1349 1227 1728 1292 ductoribus
1778 1247 2004 1292 omnes

222 1311 626 1399 Belligerum
675 1334 791 1378 ceu
835 1335 1076 1379 numen
1122 1318 1362 1379 amant.
1452 1314 1574 1380 Dic
1620 1315 1795 1381 ocius
1842 1312 1987 1399 (aut
2033 1335 2148 1378 cur

224 1401 413 1468 Serta
450 1403 655 1467 comis
693 1405 761 1466 et
795 1402 1041 1467 multus
1079 1403 1289 1469 honos
1300 1403 1384 1489 ‘?)‚
1421 1404 1656 1488 quibus
1687 1402 1947 1469 abditus
1978 1402 2110 1469 oris
2160 1415 2275 1466 505

225 1491 444 1568 Quave
490 1491 673 1555 iubes
720 1491 953 1556 tellure
999 1492 1164 1576 peti3
1208 1514 1365 1557 nam
1409 1492 1586 1557 fama
1629 1513 1750 1557 nec
1795 1492 2002 1557 antris

225 1577 529 1646 Chironis
575 1579 791 1663 patria
834 1602 954 1645 nec
1001 1580 1235 1667 degere
1280 1581 1510 1646 Peleos
1558 1581 1725 1645 aula.

222 1667 418 1754 Heia,
464 1669 764 1752 inrumpe
811 1669 966 1734 deos
1015 1675 1081 1734 et
1125 1670 1267 1735 fata
1310 1670 1588 1735 latentia
1631 1691 1821 1752 vexa,

224 1757 751 1843 Laurigerosque
796 1760 1013 1844 ignes,
1059 1760 1116 1823 si
1164 1759 1451 1843 quando,
1497 1758 1909 1823 avidissimus
1955 1757 2179 1822 hauri:

226 1848 432 1912 Arma
475 1846 801 1911 horrenda
844 1847 969 1912 tibi
1016 1869 1371 1932 saevosque
1416 1848 1782 1912 remisimus
1830 1868 2035 1911 enses.
2164 1861 2278 1911 510

222 1935 601 2021 Numquam
646 1935 768 2001 has
815 1936 1112 2001 imbelles
1161 1938 1353 2023 galea
1397 1936 1727 2001 violabere
1772 1936 2006 2019 vittae,

226 2024 349 2090 Sed
396 2025 556 2089 felix
599 2046 995 2109 numeroque
1041 2025 1277 2090 ducum
1321 2026 1762 2109 praestantior
1808 2024 2013 2106 omni,

226 2112 297 2179 Si
342 2136 653 2200 magnum
700 2113 946 2180 Danais
1001 2111 1154 2197 ²¹'per
1197 2118 1265 2178 te
1310 2111 1691 2197 portendis*
1736 2110 2103 2177 Achillem?

403 2201 793 2268 Iamdudum
840 2202 1097 2286 trepido
1145 2202 1516 2268 circumfert
1560 2202 1810 2267 lumina
1855 2205 2041 2267 motu

222 2291 723 2376 Intrantemque
771 2291 962 2356 deum
1008 2293 1219 2376 primo
1266 2291 1519 2376 pallore
1562 2292 1810 2355 fatetur
2165 2305 2275 2354 515

371 2561 478 2611 494
514 2554 638 2625 agit
674 2558 715 2607 P
766 2556 889 2609 erat
924 2554 1210 2610 Scriverus
1253 2556 1274 2624 ΙΙ
1314 2559 1419 2609 495
1456 2553 1640 2623 gloria
1673 2557 1714 2606 P
1763 2552 1930 2621 copia
1976 2555 2140 2608 ceteri
2172 2552 2181 2623 Ι
2215 2555 2282 2608 et

226 2626 396 2697 primi
430 2627 467 2683 i.
507 2627 547 2681 t.
588 2625 643 2681 d.
682 2642 756 2709 ⁰··.
777 2625 977 2679 Martis
1012 2624 1302 2680 Bentleius
1343 2627 1364 2695 ΙΙ
1407 2630 1514 2680 498
1552 2625 1685 2694 quia
1718 2639 1852 2678 nam
1888 2628 1928 2676 P
1984 2640 2273 2693 quaenam

223 2697 473 2763 e2rope
491 2695 649 2753 Leia.
688 2714 727 2765 q
750 2713 883 2751 nam
919 2705 946 2749 t
981 2696 1205 2764 quando
1234 2702 1338 2750 ΠΙ)
1365 2697 1386 2765 ΙΙ
1412 2701 1516 2750 499
1546 2695 1763 2750 cunctis
1782 2698 1908 2747 PPc
1939 2696 1948 2765 Ι
1981 2698 2273 2765 premant-

222 2784 333 2837 que
369 2772 481 2821 A!
516 2768 828 2837 petantque
865 2768 983 2823 edd.
1022 2767 1380 2837 fremantque
1413 2766 1788 2821 Baehrensius
1822 2766 1842 2833 ΙΙ
1879 2770 1984 2819 500
2024 2765 2277 2821 Sordent

220 2845 263 2893 P
300 2839 506 2895 Sordet
533 2840 694 2893 ceteri
718 2840 740 2908 ss
767 2843 870 2894 502
899 2839 959 2894 et
983 2837 1154 2893 Troia
1181 2839 1417 2907 abrepta
1436 2836 1577 2904 Ppe
1601 2837 1700 2893 sed
1728 2835 1900 2891 Troia
1927 2835 2170 2907 abrepta
2199 2843 2276 2890 Po

224 2910 322 2965 sed
358 2909 508 2965 troia
541 2912 767 2978 arrepta
794 2909 866 2962 (³²
903 2911 962 2965 et
982 2909 1152 2964 'I'roia
1179 2910 1406 2978 arrepta
1433 2909 1589 2963 Leid.
1618 2914 1698 2963 nt
1734 2909 2075 2976 arreptaque
2099 2908 2278 2964 Troia

221 2985 273 3033 Η
290 2982 408 3036 edd.
436 2985 558 3036 vett.
588 2981 608 3049 ΙΙ
636 2985 740 3035 504
769 2999 915 3049 quur
932 2987 973 3033 P
999 2983 1019 3050 ΙΙ
1048 2986 1151 3035 505
1180 2980 1393 3033 multus
1421 2984 1640 3046 PPch
1673 2979 1865 3033 mutus
1889 2977 2073 3030 (ΡΗΣ.
2111 2979 2279 3033 mitis

220 3060 247 3104 t
286 3051 528 3107 Gronov.
569 3052 590 3121 ΙΙ
631 3056 735 3107 506
773 3051 932 3109 iuues
968 3058 1009 3104 P
1052 3054 1074 3122 ΙΙ
1119 3055 1222 3106 508
1260 3051 1409 3105 Heia
1443 3052 1697 3120 inrumpe
1728 3050 1862 3103 deos
1898 3053 1945 3101 Δ
1998 3048 2125 3118 Eya
2165 3067 2280 3121 age

220 3139 422 3192 rumpe
457 3122 591 3176 deos
618 3126 662 3174 G
714 3122 837 3194 Eia,
874 3140 1072 3194 rumpe
1101 3138 1288 3177 moras
1313 3126 1370 3174 Π
1406 3121 1510 3175 Eia
1539 3137 1645 3191 age
1672 3136 1870 3187 rumpe
1899 3131 2089 3174 mras
2116 3120 2279 3176 Βαν-

221 3208 464 3247 mawnus
483 3191 598 3248 Sec.
632 3200 642 3259 Ι
672 3210 816 3250 vexa
840 3197 940 3263 (al.
969 3213 1039 3250 m.
1069 3212 1098 3247 r
1123 3197 1418 3262 superser.)
1444 3198 1485 3244 P
1530 3208 1673 3247 vexa
1699 3188 1851 3244 PcG²
1881 3190 2042 3245 Laid.
2072 3207 2224 3245 nexa
2251 3200 2282 3245 t

222 3263 354 3317 laxa
387 3268 444 3316 Π
469 3264 490 3333 Ι]
518 3268 621 3317 509
648 3263 1051 3337 Laurigerique
1085 3264 1462 3319 Baehrensius
1486 3264 1507 3331 fl
1534 3268 1637 3318 511
1678 3261 2134 3332 galeareviolare
2161 3263 2278 3317 vit-

222 3337 313 3389 tas
347 3340 388 3386 P
413 3335 435 3404 ΙΙ
461 3340 566 3389 512
607 3335 717 3390 Sed
753 3344 838 3392 At
876 3339 965 3393 Sis
993 3336 1130 3391 felix
1156 3340 1213 3388 Π
1238 3336 1259 3404 ΙΙ
1289 3339 1390 3389 513
1422 3350 1526 3403 pro
1552 3336 1613 3389 te
1640 3338 1687 3386 A
1721 3336 1885 3402 prote
1914 3334 2005 3399 (===
2023 3335 2279 3403 promte)

216 3405 591 3460 Baehremius
640 3410 649 3475 Ι
700 3409 971 3480 dependis
1007 3413 1049 3460 P
1106 3408 1206 3475 (an
1254 3404 1554 3474 deprendis
1572 3409 1620 3475 ?)
1674 3403 1967 3473 protendis
2008 3407 2061 3456 11
2108 3404 2278 3460 Leia.

229 3476 380 3532 Voss,
410 3480 485 3532 83
511 3480 801 3546 pretendis
830 3481 987 3549 Lips.
1009 3482 1086 3533 36
