2517 3909
320 120 444 189 250
1019 142 1084 192 r.
1117 140 1383 193 mrum
1412 143 1645 194 sumn

439 299 675 360 Horruit
717 299 986 361 instinctu
1025 300 1265 377 rabido,
1313 308 1715 381 steteruntque
1757 300 2077 365 trementes

315 383 440 446 Ceu
484 386 611 445 visu
656 395 970 464 praesente
1011 404 1236 463 genae,
1275 387 1615 464 seniumque
1660 389 1928 448 recessit.

316 469 478 530 Tunc
524 478 711 531 natam
751 464 1137 548 baculumque
1180 488 1351 531 manu
1394 470 1640 548 dimisit,
1683 480 1744 531 et
1775 473 1896 533 irae
2202 479 2306 537 675

312 554 548 615 Innixus
583 556 797 616 tumido
841 570 1050 615 vocem
1092 555 1165 616 de
1206 554 1455 634 pectore
1494 557 1738 635 rumpit:

440 638 667 700 ‘Iamne
703 647 877 701 vacat
919 640 1182 716 saevire,
1230 636 1473 700 Creon?
1508 641 1682 702 modo
1724 639 1948 720 perlida
1991 656 2173 718 regna

312 722 721 803 Fortunaeque
766 724 957 784 locum
998 734 1272 802 nostrae,
1309 725 1671 802 miserande,
1717 725 1942 800 subisti,

313 808 392 870 Et
431 808 534 869 tibi
578 810 688 869 iam
729 808 819 869 fas
866 818 957 869 est
997 826 1205 886 regum
1248 809 1484 870 calcare
1524 806 1761 870 ruinas?

312 893 434 954 Iam
472 894 702 954 tumulis
744 895 970 970 victos,
1016 895 1215 954 socios
1257 896 1370 954 iam
1411 894 1715 955 moenibus
1757 891 1973 954 arces?
2206 900 2311 957 680

313 977 541 1054 Macte,
586 987 756 1058 potes
801 978 977 1055 digne
1016 978 1345 1039 Thebarum
1386 989 1620 1059 sceptra
1661 979 1830 1039 tueri.

310 1062 475 1123 Haec
514 1072 610 1124 tua
651 1064 833 1142 prima
878 1063 1023 1124 dies.
1068 1062 1189 1125 Sed
1234 1082 1339 1124 cur
1379 1080 1532 1124 nova
1578 1062 1869 1124 contrahis
1914 1079 2116 1124 amens
2176 1084 2181 1091 ·

313 1144 489 1208 Iura?
531 1145 668 1226 quid
710 1156 954 1226 anguste
997 1157 1188 1209 tantos
1231 1149 1453 1209 metiris
1494 1145 1791 1209 honores?

312 1231 567 1293 Exilium
600 1229 887 1292 intendis?
926 1234 1122 1294 timida
1162 1233 1532 1294 inclementia
1575 1249 1777 1311 regum

314 1317 461 1378 Ista!
508 1317 669 1378 feros
710 1316 910 1378 avidus
954 1319 1090 1397 quin
1130 1319 1393 1396 protinus
1436 1318 1627 1378 inbuis
1673 1314 1893 1377 enses?
2209 1324 2309 1380 685

317 1400 548 1477 Crede,
590 1402 763 1477 licet,
805 1403 999 1462 veniat
1044 1402 1288 1481 cupidus
1332 1420 1545 1481 parere
1584 1402 1827 1463 satelles

313 1485 764 1566 Intrepidusque
806 1496 975 1547 secet
1015 1502 1133 1546 non
1176 1488 1448 1548 evitantia
1495 1487 1670 1548 colla.

313 1570 548 1649 Incipe!
594 1590 665 1631 an
706 1579 1027 1650 expectas,
1071 1580 1134 1631 ut
1175 1589 1394 1651 pronus
1434 1571 1704 1651 supplice
1743 1571 1948 1632 dextra

316 1657 557 1717 Sternar
601 1664 660 1716 et
699 1655 912 1716 inmitis
949 1657 1160 1717 domini
1192 1658 1443 1734 vestigia
1482 1652 1797 1735 quaeram?

316 1738 499 1817 Finge
546 1750 736 1800 autem
773 1749 1094 1820 temptare,
1134 1736 1332 1800 sines?
1372 1740 1585 1801 mihine
1630 1741 1751 1801 ulla
1796 1739 2029 1799 minaris
2209 1746 2313 1802 69⁰

314 1823 617 1903 Supplicia
658 1834 755 1885 aut
797 1826 953 1887 ullos
990 1826 1138 1887 reris
1185 1842 1502 1904 superesse
1545 1820 1829 1885 timores?

313 1909 599 1987 Linquere
641 1918 797 1971 tecta
840 1907 1047 1970 iubes?
1094 1909 1322 1970 coelum
1361 1919 1671 1989 terrasque
1711 1908 1924 1986 reliqui

315 1995 574 2072 Sponte,
622 2005 795 2074 atque
838 1995 1103 2056 ultricem
1150 1994 1404 2055 crudelis
1448 1996 1504 2055 iu
1552 2010 1655 2056 ora
1691 1994 1908 2053 retorsi

312 2077 445 2138 Non
481 2079 603 2139 ullo
645 2083 894 2158 cogente
937 2097 1181 2141 manum.
1262 2077 1413 2152 Quid
1454 2079 1576 2139 tale
1610 2079 1835 2154 iubere,
2242 2118 2245 2123 -

313 2161 449 2222 Rex
489 2163 748 2241 inimice,
791 2162 1008 2243 potes?
1046 2164 1224 2241 fugio⁴
1250 2161 1601 2242 excedoque
1640 2162 1904 2224 nefandis
2208 2170 2306 2226 695

315 2247 599 2318 Sedibus;
643 2267 716 2308 an
762 2250 978 2325 refert,
1028 2264 1142 2327 quo
1186 2248 1391 2309 funera
1433 2248 1609 2327 longa
1649 2264 1928 2326 measque

316 2331 731 2411 Transportem
769 2331 1084 2394 tenebras?
1129 2351 1202 2393 ne
1248 2350 1365 2393 non
1406 2350 1554 2410 gens
1595 2341 1801 2393 cuncta
1841 2333 2105 2410 precanti

315 2413 647 2495 Concedat,
695 2420 918 2498 patriae
964 2428 1232 2498 quantum
1276 2419 1455 2477 miser
1498 2417 1711 2477 incubo
1757 2414 1995 2477 terrae?

313 2501 432 2561 Sed
475 2501 677 2562 dulces
724 2502 998 2564 Thebae!
1043 2505 1305 2563 nimirum
1342 2502 1438 2562 hic
1480 2498 1697 2563 clarior
1738 2510 1921 2578 ortus,

310 2583 387 2644 Et
428 2586 671 2648 meliora
708 2604 873 2647 meos
927 2587 1294 2667 permulcent
1336 2588 1530 2647 sidera
1565 2587 1780 2646 vultus.
2207 2591 2305 2647 700

307 2669 417 2730 Hic
462 2672 731 2748 genetrix
775 2673 1038 2751 natique3
1084 2670 1305 2732 habeas
1351 2670 1628 2732 Thebana
1669 2686 1966 2748 regasque

308 2753 577 2832 Moenia,
625 2773 739 2835 quo
785 2754 1066 2833 Cadmus,
1112 2773 1227 2836 quo
1270 2754 1440 2815 Laius
1482 2757 1673 2815 omine
1708 2755 1864 2815 rexit

312 2837 559 2918 Quoque
605 2855 751 2918 ego;
794 2842 879 2899 sic
915 2840 1233 2916 thalamos,
1282 2842 1369 2900 sic
1405 2840 1811 2919 pignorafida
1856 2855 2158 2917 capessas,

305 2920 434 2984 Nec
480 2924 581 2984 tibi
629 2926 701 2984 sit
744 2925 923 2983 virtus
967 2924 1253 2986 fortunam
1299 2926 1552 2985 evadere
1595 2925 1830 2992 dextra;

310 3007 430 3068 Sed
472 3009 663 3069 lucem
703 3010 1028 3087 deprensus
1069 3026 1250 3069 ames.
1335 3010 1488 3070 Satis
1533 3010 1720 3069 omina
1764 3008 1952 3085 sanxi,
2206 3014 2304 3070 705

308 3092 473 3169 Duc,
524 3111 668 3172 age,
708 3101 839 3153 nata
883 3094 1119 3173 procul;
1168 3094 1305 3172 quid
1349 3103 1406 3153 te
1444 3103 1635 3154 autem
1681 3092 1934 3154 luctibus
1979 3088 2172 3153 addo?

306 3176 427 3253 Da,
474 3197 581 3237 rex
617 3188 860 3256 magne,
904 3177 1154 3237 ducem!
1243 3176 1451 3238 Timuit
1488 3177 1817 3241 miseranda
1857 3178 2106 3256 relinqui

307 3260 599 3338 Antigone
640 3272 933 3341 mutatque
973 3280 1221 3341 preces:
1265 3261 1525 3323 ⁴²Felicia
1563 3278 1673 3342 per
1715 3272 1775 3323 te

308 3343 543 3424 Regna,
586 3347 845 3406 verende
890 3344 1116 3419 Creon,
1165 3356 1515 3426 sanctasque
1559 3346 1923 3408 Menoeceos
1970 3346 2223 3409 umbras:

308 3425 397 3485 Da
440 3428 667 3488 veniam
706 3429 923 3490 afflicto
967 3430 1253 3508 dictisque
1297 3432 1544 3508 ignosce
1582 3432 1874 3512 superbis.
2194 3437 2298 3494 710
