2517 3909
221 169 309 233 50
965 166 1028 221 P.
1064 166 1341 222 PAPINII
1380 163 1625 221 STA'HI

218 312 561 378 Deseruire
607 312 798 380 bonis
846 332 1225 396 semperque
1273 314 1497 394 optare
1541 309 1784 393 parati,
2253 325 2370 375 130

223 401 604 487 Spargimur
647 401 718 464 in
764 421 980 466 casus:
1036 401 1209 465 celsa
1252 403 1328 464 tu
1374 399 1610 464 mentis
1657 398 1739 461 ab
1784 419 1931 462 arce

218 490 516 574 Despicis
565 492 853 554 errantes
897 490 1310 574 humanaque
1358 487 1595 573 gaudia
1638 486 1826 551 rides.

220 578 503 663 Tempus
551 581 710 662 erat,
752 600 898 642 cum
942 582 1009 642 te
1056 578 1350 662 geminae
1398 576 1707 660 suffragia
1750 579 1963 640 terrae

218 667 600 751 Diriperent
644 668 980 751 celsusque
1030 666 1188 731 duas
1235 666 1544 731 ueherere
1589 685 1715 748 perv
1750 664 1963 749 urbes,

217 755 376 820 Inde
422 755 799 821 Dicarcheis
846 756 1124 820 multum
1168 753 1535 819 uenerande
1577 753 1841 837 colonie,
2158 757 2163 762 ’
2255 768 2362 820 135

222 844 395 910 Hinc
442 845 684 909 adscite
732 845 914 928 meis,
960 844 1333 929 pariterque
1377 843 1482 908 his
1527 843 1747 927 largus
1796 845 1863 906 et
1903 842 2033 907 illis

218 935 315 999 Ac
359 933 642 998 iuuenile
688 934 906 998 calens
953 932 1312 1017 plectrique
1359 952 1573 996 errore
1622 931 1953 1015 superbus

218 1024 310 1087 At
352 1044 525 1089 nunc
573 1023 865 1088 discussa
909 1044 1126 1087 rerum
1173 1021 1450 1106 caligine
1494 1041 1723 1085 uerum

217 1112 476 1196 Aspicis
525 1110 669 1197 (illo
718 1111 830 1176 alii
874 1133 1098 1175 rursus
1144 1110 1467 1176 iactentur
1508 1109 1578 1174 in
1624 1109 1758 1175 alto
1773 1106 1837 1194 ἕ),

216 1199 307 1265 Et
351 1203 466 1265 tua
513 1221 773 1265 securos
820 1203 1049 1284 portus
1094 1198 1544 1283 placidamque
1590 1198 1876 1283 quietem
2254 1215 2363 1266 140

215 1288 498 1353 Intrauit
540 1310 676 1353 non
721 1309 960 1373 quassa
1007 1289 1187 1353 ratis
1280 1288 1370 1353 sie
1416 1307 1614 1373 perge
1658 1308 1778 1351 nec
1822 1308 2131 1371 umquam

218 1377 581 1442 Emeritam
625 1378 697 1441 in
740 1381 1000 1442 nostras
1055 1378 1338 1462 puppem
1385 1376 1653 1441 demitte
1697 1376 2033 1459 procellas.

215 1465 437 1531 Uiuite
484 1466 709 1550 securi,
756 1487 1030 1550 quorum
1076 1466 1154 1530 de
1198 1469 1463 1549 pectore
1508 1465 1750 1529 mixtae

215 1553 295 1617 In
341 1555 641 1640 longum·
660 1554 868 1619 coiere
911 1555 1087 1619 faces
1135 1557 1527 1638 sanctusque
1572 1553 1842 1638 pudicae

220 1642 453 1707 Seruat
499 1643 820 1708 amicitiae
868 1643 1046 1727 leges
1091 1664 1293 1707 amor.
1384 1643 1473 1706 ite
1520 1663 1637 1726 per
1679 1662 1888 1706 annos
2252 1656 2359 1707 145

219 1730 625 1817 Saeculaque
664 1734 729 1796 et
773 1732 1025 1816 priscae
1071 1731 1301 1796 titulos
1349 1730 1711 1815 praecedite
1757 1729 1989 1796 famae.

218 1819 460 1906 Tuque,
503 1842 704 1886 nurus
749 1821 922 1886 inter
966 1821 1163 1906 longe
1254 1867 2017 1885 ........

218 1945 251 1973 ,κ
325 1958 1088 1975 ........
1178 1908 1558 1993 praecordia
1602 1928 1810 1991 curae,

215 1996 365 2063 Non
409 1998 697 2064 frontem
744 2020 1000 2064 secuere
1047 1999 1283 2082 minae,
1330 1996 1444 2061 sed
1488 1994 1762 2061 candida
1807 2016 2060 2080 semper

218 2085 471 2152 Gaudia
515 2090 582 2152 et
625 2087 696 2151 in
740 2087 927 2151 uultu
973 2108 1273 2151 curarum
1318 2086 1551 2170 ignara
1593 2085 1925 2169 uoluptas3

215 2174 368 2241 Non
412 2175 534 2240 tibi
582 2176 899 2258 sepositas
945 2174 1171 2239 infelix
1218 2172 1589 2258 strangulat
1632 2195 1784 2240 arca
2251 2190 2360 2241 150

213 2262 497 2328 Diuitias
545 2263 798 2328 auidiue
846 2264 1134 2327 animum
1179 2262 1519 2346 dispendia
1561 2264 1869 2346 torquent

214 2350 514 2418 Fen'oris:
562 2352 840 2437 expositi
886 2372 1116 2416 census
1163 2354 1228 2416 et
1275 2351 1467 2417 docta
1509 2349 1766 2415 fruendi

148 2507 162 2518 ,
218 2440 606 2525 Temperies.
697 2462 832 2505 non
878 2441 1011 2505 ulla
1057 2440 1176 2505 deo
1222 2440 1488 2506 meliore
1534 2438 1881 2504 cohaerent

216 2528 507 2614 Pectora,
553 2551 689 2595 non
737 2529 899 2595 alias
946 2529 1162 2593 decuit
1206 2528 1551 2593 concordia
1594 2529 1861 2591 mentes.

359 2832 458 2882 135
497 2832 640 2896 puto
676 2830 939 2882 uenerate
974 2829 995 2897 ΙΙ
1024 2832 1124 2881 137
1162 2827 1491 2896 patriaeque
1530 2840 1712 2879 errore
1750 2824 1827 2877 M
1824 2824 2090 2894 aduiyius
2122 2824 2357 2895 plectri·

214 2914 323 2967 que
361 2898 558 2954 decore
599 2898 809 2952 Markl.
847 2900 867 2967 u
906 2904 1007 2952 139
1043 2898 1327 2953 iactantur
1367 2902 1402 2948 c
1439 2915 1489 2964 a,
1532 2911 1669 2950 corr.
1706 2894 1983 2949 Bwthiws
2026 2897 2046 2964 fl
2094 2902 2197 2951 140
2234 2898 2357 2967 pla-

215 2969 510 3039 cidamque
555 2972 602 3022 Δ
645 2974 706 3022 Gx
747 2966 1125 3039 blandamque
1165 2968 1204 3021 ς
1247 2971 1268 3038 [Ι
1315 2974 1417 3022 142
1465 2965 1699 3022 demitte
1736 2970 1807 3019 A:
1855 2964 2079 3021 dimitte
2116 2972 2151 3018 G
2187 2969 2208 3037 u
2249 2974 2356 3022 143

211 3040 400 3095 Uiuite
439 3044 504 3095 ςε
552 3038 768 3095 Discite
805 3045 840 3091 c
878 3058 912 3093 a
956 3039 1158 3110 Degite
1203 3039 1272 3093 L.
1315 3038 1596 3093 Polsterus
1621 3038 1641 3106 ΙΙ
1677 3041 1779 3090 147
1818 3034 1988 3106 longe
2023 3038 2359 3106 praecordia

213 3128 374 3166 curae
413 3117 448 3163 c
477 3129 536 3179 ας
575 3111 729 3167 cuius
764 3111 1090 3180 praecordia
1118 3127 1285 3165 curae
1320 3109 1480 3164 Dom.
1527 3107 1697 3178 longe
1742 3106 2145 3176 pulcherrima,
2194 3109 2355 3165 cuius

211 3182 528 3248 Auantius;
584 3183 841 3238 lacunam
892 3184 1067 3237 statui
1120 3184 1140 3251 ΙΙ
1203 3184 1308 3233 148
1367 3194 1589 3234 secuere
1642 3179 1764 3245 (uel
1816 3177 2061 3249 laesere)
2123 3182 2357 3249 semmei.-

209 3257 434 3309 ue'scere
463 3260 498 3306 c
517 3273 551 3308 a
587 3255 806 3310 uertere
840 3253 1001 3309 Dom.
1040 3256 1259 3307 traxere
1297 3250 1566 3305 Heinsius
1592 3252 1612 3320 ΙΙ
1642 3253 1740 3304 151
1782 3248 2005 3305 auidiue
2041 3249 2351 3318 Bao-thius,-

215 3326 403 3381 malim
441 3326 750 3395 auidaeque
778 3327 798 3395 u
826 3329 930 3379 154
967 3323 1158 3379 docuit
1194 3328 1229 3374 c
1268 3340 1319 3392 a,
1356 3338 1491 3376 corr.
1534 3324 1594 3387 '33
1636 3337 1712 3375 an
1750 3319 1924 3374 coluit
1961 3318 2124 3377 Cone.
2165 3320 2197 3375 ἓ
