2517 3909
763 563 855 647 P.
899 560 1337 646 ¹PAPINII
1395 555 1751 645 STATII
1776 561 1795 580 '

439 730 528 831 T
630 730 746 834 H
845 730 941 833 E
1042 731 1139 833 Β
1243 731 1351 838 A
1451 728 1512 832 I
1611 725 1923 850 Dso
2029 723 2100 828 S

955 914 1587 993 L113Essv.

412 1189 622 1306 Pulsa
661 1241 786 1304 sitis
822 1241 998 1304 fluvio
1017 1288 1035 1321 ,
1080 1242 1477 1324 populataque
1520 1235 1765 1322 gurgitis
1804 1238 2031 1299 alveum

277 1325 524 1406 Agmina
563 1327 898 1408 linquebant
932 1328 1091 1408 ripas
1131 1345 1473 1407 amnemque
1512 1325 1824 1398 minorem3

278 1410 494 1472 Aerior
532 1421 592 1474 et
638 1430 900 1493 eampum
938 1413 1178 1492 sonipes
1215 1413 1401 1493 rapit,
1446 1421 1504 1473 et
1543 1410 1730 1492 pedes
1775 1423 1916 1468 arva

277 1494 470 1576 Inplet
504 1514 718 1575 ovans,
753 1497 986 1558 rediere
1026 1498 1167 1558 viris
1208 1495 1495 1577 animique
1538 1496 1845 1573 minaeque
2392 1535 2397 1540 -

278 1578 580 1660 Votaque,
624 1581 955 1659 sanguineis
988 1582 1222 1643 mixtum
1269 1600 1379 1642 eeu
1410 1579 1667 1643 fontibus
1700 1578 1898 1655 ignem
2232 1583 2268 1635 5

277 1662 617 1726 Hausissent
661 1665 803 1727 belli
845 1683 1198 1746 magnasque
1234 1667 1294 1726 in
1332 1666 1559 1746 proelia
1601 1670 1844 1725 mentes.
2492 1671 2493 1692 *

403 1747 691 1830 Dispositi
729 1751 788 1811 in
832 1760 1046 1812 turmas
1083 1767 1283 1812 rursus
1325 1750 1636 1829 legemque
1681 1746 1878 1808 severi
1930 1823 1935 1828 .

281 1830 545 1913 Ordinis,
575 1843 638 1895 ut
665 1836 875 1917 cuique
901 1845 1034 1896 ante
1065 1836 1231 1897 loeus
1261 1836 1621 1914 ductorque,
1650 1835 1957 1893 monentur

280 1916 609 1980 Instaurare
648 1921 795 1983 vias.
883 1920 1083 1982 Tellus
1126 1921 1238 1982 iam
1282 1920 1525 2000 pulvere
1564 1918 1750 1998 primo

285 1999 549 2081 Crescit,
589 2014 649 2066 et
689 2022 974 2066 armorum
1015 2005 1401 2066 transmittunt
1441 2002 1670 2082 fulgura
1715 2002 1920 2062 silvae.
2202 2007 2277 2060 10

283 2085 490 2160 Qualia
519 2097 675 2150 trans
717 2088 958 2151 Pontum
999 2089 1219 2152 Phariis
1262 2089 1506 2150 defensa
1550 2087 1774 2148 serenis

281 2170 480 2232 Rauca
518 2171 863 2234 Paraetonio
905 2173 1195 2235 decedunt
1235 2173 1461 2253 agmina
1503 2171 1663 2249 Nilo,

283 2255 470 2330 Quum
512 2257 639 2318 fera
680 2258 845 2337 ponit
883 2256 1097 2319 hiems:
1152 2259 1292 2319 illae
1337 2258 1617 2336 clangore
1651 2255 1865 2335 fugaci,

279 2338 496 2402 Umbra
538 2341 704 2402 fretis
747 2341 1018 2422 arvisque
1059 2342 1291 2419 volant,
1332 2350 1501 2404 sonat
1538 2341 1699 2402 avius
1740 2338 1963 2400 aether.

282 2422 400 2485 Iam
438 2424 667 2487 Borean
707 2425 1037 2507 imbresque
1077 2427 1230 2507 pati,
1281 2427 1394 2488 iam
1433 2444 1575 2487 nare
1619 2424 1825 2486 solutis
2202 2428 2269 2481 15

283 2508 563 2570 Amnibus
601 2520 661 2571 et
699 2509 854 2572 nudo
894 2512 1051 2574 iuvat
1091 2513 1380 2572 aestivare
1425 2510 1532 2571 sub
1574 2509 1814 2571 Haemo.

410 2592 517 2654 Hie
558 2613 757 2657 rursus
799 2594 971 2657 simili
1011 2595 1612 2677 procerum'vallante
1659 2609 1876 2656 corona

284 2677 419 2739 Dux
459 2677 856 2759 Talaionides,
896 2682 1127 2761 antiqua
1167 2689 1231 2741 ut
1270 2680 1425 2741 forte
1467 2679 1573 2740 sub
1617 2694 1761 2739 orno

287 2762 522 2840 Stabat,
569 2773 631 2825 et
671 2764 883 2826 admoti
925 2766 1093 2825 nixus
1135 2763 1429 2841 Polynieis
1467 2765 1526 2825 in
1568 2763 1820 2824 hastam:

408 2846 513 2908 <At
539 2858 765 2926 tamen,
806 2867 842 2910 o
879 2866 1279 2929 quaecumque
1309 2868 1412 2929 es,
1456 2850 1566 2927 ait,
1610 2849 1701 2909 oui
1727 2845 1917 2927 gloria
1937 2852 2095 2908 tanta
2195 2853 2270 2909 20

287 2931 565 2994 Venimus
607 2935 937 2995 innumerae
978 2933 1154 2994 fatum
1196 2933 1419 2995 debere
1464 2933 1763 3010 cohortes,

286 3015 473 3092 Quem
515 3036 630 3080 non
669 3019 799 3099 ipse
841 3018 1011 3079 deum
1054 3027 1214 3079 sator
1254 3027 1600 3098 aspernetur
1639 3018 1941 3093 honorem,

286 3100 398 3163 Die
441 3120 585 3181 age,
626 3100 854 3183 quando
891 3102 1002 3163 tuis
1047 3101 1275 3163 alacres
1319 3103 1645 3164 adsistimus
1684 3100 1874 3179 undis,

289 3185 455 3260 Quae
492 3189 693 3249 domus
726 3195 822 3247 aut
850 3186 1057 3263 tellus,
1094 3187 1335 3248 animam
1373 3186 1581 3266 quibus
1609 3186 1873 3249 hauseris
1903 3180 2118 3245 astris?

288 3270 433 3348 Die,
482 3274 609 3351 quis
641 3280 700 3332 et
729 3270 829 3332 ille
861 3269 1070 3350 pater?
1113 3289 1304 3350 neque
1338 3273 1487 3333 enim
1520 3271 1625 3332 tibi
1653 3272 1880 3332 numina
1910 3270 2111 3346 longe,
2199 3279 2268 3332 25

291 3353 606 3417 Transierit
647 3355 875 3416 fortuna
916 3356 1086 3433 lieet,
1130 3357 1430 3435 maiorque
1476 3373 1586 3436 per
1623 3373 1726 3416 ora

292 3439 576 3519 Sanguis,
616 3448 676 3501 et
716 3439 933 3502 afflicto
978 3441 1158 3521 spirat
1200 3442 1529 3503 reverentia
1572 3439 1753 3502 vultu.
