2517 3909
826 158 1228 205 'rmunos
1264 159 1405 206 mn.
1446 159 1545 204 tx.
2066 146 2192 207 205

185 314 434 375 lolitur
475 314 708 393 palleus
750 323 813 373 et
854 314 1068 373 surdos
1109 315 1353 394 expedit
1394 333 1587 374 arcus.

185 400 434 477 lantque
473 402 650 458 instat
689 399 828 459 telis
868 409 930 458 et
969 407 1275 479 utramque
1317 399 1591 476 obliquus
1632 401 1693 458 in
1734 398 1923 457 ulnam
2088 409 2195 462 865

192 484 437 544 Cornua
481 486 766 561 contingit
805 501 1084 544 mucrone
1123 493 1186 543 et
1220 493 1467 563 pectora
1501 501 1719 551 nervo3

192 569 390 643 Quum
422 569 588 628 ducis
631 568 806 628 Aonii
846 586 1056 645 magno
1097 570 1212 627 cita
1251 568 1479 627 turbine
1525 570 1743 645 cuspis,

191 654 410 713 Fertur
451 656 511 712 in
551 653 858 713 adversum
899 657 1182 732 nervique
1224 653 1461 732 obliqua
1505 655 1704 711 sonori

193 738 410 797 Vincla
450 747 650 812 secat,
693 747 946 816 pereunt
982 741 1162 813 ictus,
1205 739 1589 816 nauibusque
1628 739 1889 798 remissis

191 824 366 882 Vana
403 825 672 900 supinato
711 823 1050 883 ceciderunt
1089 823 1315 901 spicula
1357 840 1559 881 cornu.
2090 835 2197 888 870

195 907 366 967 Tunc
404 910 581 966 miser
624 916 686 965 et
725 907 928 967 frenos
965 906 1228 967 turbatus
1274 916 1335 967 et
1372 925 1529 965 arma
1569 909 1813 977 remisit,

193 992 476 1051 Vulneris
513 993 832 1069 inpatieus,
875 993 1098 1052 humeri
1140 992 1298 1071 quod
1341 993 1595 1068 tengna
1631 992 1824 1052 dextri

193 1077 447 1137 Iutrarat
483 1075 835 1154 facilemque
879 1086 1069 1136 cutem
1111 1077 1267 1136 subit
1307 1076 1493 1135 altera
1540 1078 1760 1154 cuspis,

197 1160 672 1239 Cornipedisque
712 1162 908 1237 fugam
952 1163 1185 1220 succiso
1236 1161 1463 1241 poplite
1508 1162 1675 1219 sistit.

199 1244 370 1305 Tunc
410 1245 564 1305 cadit
604 1248 736 1323 ipse
786 1246 1012 1321 Dryas,
1057 1248 1295 1321 mirum,
1333 1264 1448 1305 nec
1488 1245 1748 1305 vulneris
1781 1265 2021 1326 usquam
2088 1257 2195 1311 875

201 1331 528 1405 Conscius,
573 1330 709 1389 olim
741 1340 946 1390 auctor
983 1330 1120 1406 teli,
1165 1348 1499 1409 causaeque
1537 1330 1832 1408 patebant.

336 1414 416 1474 At
459 1433 607 1493 puer
645 1415 868 1474 infusus
907 1416 1088 1475 sociis
1130 1416 1189 1474 in
1228 1415 1399 1475 devia
1442 1416 1629 1493 campi

199 1500 486 1573 Tollitur,
528 1500 644 1559 beu
687 1500 938 1578 simplex
979 1500 1173 1559 aetas!
1214 1502 1590 1577 moriensque
1629 1502 1915 1560 iacentem

197 1584 414 1645 Flebat
454 1602 690 1662 equum:
733 1585 945 1645 cecidit
986 1584 1179 1644 laxata
1223 1584 1455 1644 casside
1494 1584 1710 1659 vultus,

199 1671 526 1747 Aegraque
567 1686 678 1748 per
717 1669 981 1747 trepidos
1026 1670 1256 1746 expirat
1293 1671 1480 1745 gratia
1520 1670 1701 1741 visus,
2094 1679 2201 1733 880

201 1754 284 1815 Et
323 1756 554 1832 prensis
598 1770 885 1812 concussa
929 1754 1113 1811 comis
1154 1761 1249 1812 ter
1285 1752 1441 1812 colla
1482 1761 1807 1831 quaterque

201 1841 377 1899 Stare
413 1847 661 1915 negant,
702 1838 965 1916 ipsisque
1003 1837 1172 1896 nefas
1217 1836 1577 1896 lacrimabile
1611 1835 1851 1912 Thebis,

202 1923 338 1983 Ibat
374 1941 704 2001 purpureus
745 1924 919 1981 niveo
961 1921 1037 1981 de
1077 1931 1325 2000 pectore
1358 1921 1613 1997 sanguis.

206 2006 468 2067 Tandem
514 2007 664 2066 haec
707 2006 963 2083 singultu
1000 2005 1183 2065 verba
1229 2007 1519 2065 incidente
1558 2005 1858 2083 profatur:

334 2091 670 2165 ‘Labimur,
714 2093 766 2165 i,
813 2092 1113 2165 miseram,
1152 2090 1425 2164 Dorceu,
1469 2088 1667 2149 solare
1704 2100 2023 2168 parentem.
2095 2101 2201 2154 885

200 2177 311 2237 ma
345 2176 610 2256 quidem,
656 2177 708 2234 si
749 2194 892 2235 vera
925 2176 1119 2235 ferunt
1158 2176 1469 2254 praesagia
1512 2193 1712 2249 curae,

203 2263 330 2321 Aut
362 2278 567 2320 somno
609 2263 720 2320 iam
762 2262 931 2320 triste
973 2260 1141 2319 nefas
1182 2268 1283 2319 aut
1323 2262 1515 2319 omine
1555 2259 1717 2318 vidit.

208 2345 298 2406 Τι
339 2355 536 2405 umen
567 2354 694 2404 arte
737 2347 834 2424 pia
873 2344 1156 2423 trepidam
1199 2344 1495 2423 suspende
1534 2344 1749 2422 diuque

207 2430 515 2509 Decipito3
565 2449 679 2489 neu
722 2439 783 2488 tu
825 2429 1048 2489 subitus
1083 2448 1235 2488 neve
1276 2448 1433 2488 arma
1474 2431 1693 2488 tenenti

207 2514 496 2590 Veneris,
539 2524 602 2574 et
641 2514 871 2574 tandem
914 2533 1088 2591 quum
1129 2515 1242 2573 iam
1280 2532 1503 2591 eogere
1540 2513 1735 2585 fateri,
2098 2524 2206 2578 890

207 2598 354 2658 Dic:
399 2597 618 2674 lierni,
660 2600 964 2675 genetrix,
1009 2616 1270 2678 poenas,
1313 2600 1487 2658 invita
1530 2616 1853 2675 capessens

207 2684 388 2742 Arma
434 2701 583 2761 puer
630 2684 828 2760 rapui,
869 2701 984 2742 uec
1026 2692 1087 2742 te
1125 2684 1414 2742 retinente
1455 2684 1673 2762 quievi,

206 2767 340 2826 Nec
382 2767 486 2827 tihi
525 2767 816 2826 sollicitae
856 2768 1061 2827 saltem
1105 2770 1256 2826 inter
1290 2767 1451 2827 bella
1487 2769 1755 2846 peperci.

210 2852 364 2911 Vive
406 2853 582 2928 igitur
623 2853 938 2931 potiusque
979 2854 1181 2910 animis
1220 2854 1484 2912 irascere
1526 2853 1761 2925 nostris,

210 2936 288 2996 Et
331 2938 440 2995 iam
477 2954 635 3014 pone
669 2945 885 3003 metus:
923 2936 1136 2996 frustra
1179 2936 1254 2996 de
1296 2937 1454 2997 colle
1491 2935 1708 3012 Lycaei
2101 2945 2207 3000 895

211 3022 405 3080 Anxia
443 3030 834 3099 prospectas,
878 3023 930 3080 si
972 3022 1103 3100 quis
1143 3039 1256 3101 per
1298 3021 1496 3081 nubila
1534 3022 1709 3098 longe

215 3107 335 3165 Aut
375 3122 554 3164 sonus
596 3116 696 3165 aut
737 3114 940 3165 nostro
984 3105 1244 3166 sublatus
1285 3106 1359 3167 ab
1400 3108 1625 3184 agmine
1668 3105 1877 3184 pulvis.

211 3189 484 3268 Frigidus
525 3192 584 3249 in
623 3190 778 3250 nuda
816 3194 989 3250 iaceo
1026 3191 1272 3267 tellure,
1317 3210 1429 3251 nec
1472 3209 1711 3269 usquam

215 3273 302 3334 Tu
345 3292 572 3354 prope,
616 3293 768 3354 quae
807 3275 1002 3335 vultus
1047 3275 1420 3354 efflantiaque
1463 3293 1567 3335 ora
1607 3283 1865 3333 teneres.

214 3359 384 3420 Hunc
408 3370 622 3436 tamen,
647 3360 792 3420 orba
815 3378 1052 3437 parens,
1076 3362 1317 3433 crinem,
1336 3395 1419 3404 —
1438 3363 1761 3435 dextraque
1774 3357 2083 3417 secandum
2104 3368 2211 3423 900

215 3444 526 3521 Praebuit,
567 3479 654 3490 -—
694 3446 848 3505 hunc
887 3453 1014 3504 toto
1057 3446 1259 3524 capies
1298 3462 1407 3524 pro
1451 3459 1703 3521 corpore
1744 3445 1983 3517 crinem,
