2517 3909
371 111 490 171 144
1036 109 1688 173 P.PAP1N11'S'1·AT11
1754 164 1759 168 .

369 278 611 343 Gentis?
653 287 712 340 et
752 279 811 339 in
852 279 1136 357 tumulos,
1183 280 1234 339 si
1278 279 1415 359 quid
1454 279 1607 340 male
1651 280 1813 342 foeta
1852 279 2090 361 reliquit

366 365 586 443 Mater,
629 362 791 425 abire
830 362 1042 424 iubes?
1114 360 1382 425 Thracen
1402 363 1717 444 silvasque
1761 364 2055 445 Lycurgi?

364 450 534 511 Anne
567 448 945 528 triumphatos
987 447 1203 527 fugiam
1246 450 1507 528 captivus
1551 449 1624 510 ad
1665 447 1882 510 Indos?
1933 501 1940 508 .

363 534 454 595 Da
499 534 700 596 sedem
744 532 1018 613 profugo.
1095 532 1286 594 Potuit
1331 532 1567 594 Latonia
1610 533 1796 595 frater

366 621 523 680 Saxa
563 653 648 666 —
688 635 800 678 nec
838 617 1070 678 invideo
1112 651 1198 664 —-
1232 617 1496 696 deligere
1531 617 1725 678 Delon
1767 628 1828 680 et
1861 622 1988 683 imis

366 701 784 766 Commendare
818 701 1005 763 fretis.
1091 699 1240 763 Cara
1276 701 1565 763 submovit
1607 701 1678 763 ab
1719 721 1856 766 arce

362 787 625 849 Hostiles
668 787 919 848 Tritonis
961 804 1170 866 aquas;
1214 787 1333 847 vidi
1376 787 1506 866 ipse
1545 796 1844 867 potentem

366 872 646 934 Gentibus
682 870 825 932 Eois
867 870 1169 951 Epaphum
1217 870 1359 932 dare
1404 872 1561 950 iura,
1603 890 1716 933 nec
1751 873 1902 934 ullas

368 954 615 1035 Cyllene
661 965 889 1017 secreta
932 956 1100 1017 tubas
1138 953 1409 1017 Minoave
1453 966 1617 1017 curat

362 1041 483 1105 Ida.
569 1040 719 1116 Quid
758 1041 872 1101 heu
916 1049 1132 1102 tantum
1168 1042 1386 1101 nostris
1425 1041 1738 1102 offenderis
1783 1041 1944 1103 aris?

362 1125 472 1186 Hic
510 1125 647 1203 tibi,
688 1125 916 1206 quando
944 1126 1139 1186 minor
1183 1125 1296 1186 iam
1336 1134 1534 1187 nostra
1583 1128 1870 1205 potentia,
1915 1137 2128 1190 noctes

361 1209 689 1272 Herculeae
730 1209 1095 1290 placitusque
1138 1228 1327 1287 vagae
1369 1208 1691 1285 Nycteidos
1735 1211 1930 1290 ardor,

361 1293 472 1356 Hic
514 1294 745 1372 Tyrium
785 1313 973 1373 genus
1016 1303 1075 1355 et
1116 1303 1319 1355 nostro
1362 1295 1598 1356 felicior
1637 1296 1774 1372 igne

364 1378 615 1440 Taurus:
660 1379 1012 1456 Agenoreos
1048 1379 1254 1440 saltem
1295 1387 1482 1440 tutare
1523 1384 1820 1459 nepotes?

485 1462 761 1526 Invidiam
803 1465 929 1524 risit
971 1472 1177 1543 pater,
1223 1474 1283 1524 et
1318 1463 1428 1525 iam
1471 1464 1696 1544 poplite
1739 1464 1952 1524 flexum

363 1548 845 1628 sternentemque
886 1565 1086 1608 manus
1125 1549 1467 1628 tranquillus
1511 1549 1584 1610 ad
1634 1549 1834 1610 oscula
1872 1550 2026 1610 tollit

360 1633 544 1714 Inque
579 1634 770 1694 vicem
804 1632 1035 1713 placida
1077 1649 1213 1694 orsa
1249 1632 1464 1693 refert:
1511 1632 1679 1694 <Non
1715 1635 1978 1713 coniugis
2018 1636 2131 1697 ista

364 1716 670 1794 Consiliis,
719 1726 780 1778 ut
821 1735 990 1795 rere,
1034 1736 1217 1797 puer,
1259 1725 1381 1778 nec‘
1407 1735 1583 1779 saeva
1624 1719 1854 1796 roganti

362 1803 464 1864 Sic
510 1812 791 1881 expostus
833 1819 981 1881 ego:
1023 1804 1239 1863 inmoto
1280 1801 1616 1863 deducimur
1658 1802 1805 1864 orbe

358 1884 660 1956 Fatorum
700 1896 935 1948 veteres
987 1904 1275 1966 seraeque
1318 1888 1377 1947 in
1412 1886 1637 1965 proelia
1679 1904 1912 1949 causae.

358 1970 504 2032 Nam
550 1973 643 2032 cui
685 1980 839 2033 tanta
882 1972 1046 2050 quies
1087 1972 1336 2048 irarum,
1381 1979 1478 2031 aut
1519 1973 1814 2049 sanguinis
1848 1988 1986 2031 usus

357 2055 597 2117 Parcior
636 2053 910 2117 humani?
991 2056 1168 2117 Videt
1204 2057 1332 2117 axis
1376 2064 1436 2116 et
1475 2057 1584 2117 ista
1620 2075 1729 2136 per
1772 2071 1977 2117 aevum

355 2139 586 2201 Mecum
623 2149 860 2202 aeterna
895 2140 1129 2218 domus,
1173 2141 1442 2220 quotiens
1485 2141 1597 2202 iam
1634 2150 1789 2204 torta
1830 2155 2110 2219 reponam

357 2223 649 2301 Fulmina,
696 2243 866 2304 quam
909 2244 1073 2287 rarus
1115 2226 1289 2285 terris
1332 2224 1427 2285 hic
1468 2226 1717 2305 imperet
1758 2227 1930 2305 ignis.

358 2309 510 2384 Quin
553 2310 723 2369 etiam
762 2310 970 2370 invitus
1004 2327 1210 2387 magna
1252 2309 1707 2388 uleiscendaque
1748 2311 1940 2390 passis

357 2393 477 2454 Aut
516 2393 791 2473 Lapithas
831 2392 1026 2472 Marti,
1073 2403 1171 2456 aut
1209 2402 1474 2455 veterem
1512 2391 1792 2456 Calidona
1834 2394 2053 2455 Dianae

355 2477 711 2557 Expugnare
753 2479 918 2549 dedi;
958 2497 1205 2558 meaque
1248 2488 1340 2539 est
1378 2479 1629 2555 iactura,
1675 2480 1955 2562 pigetque

358 2561 471 2622 Tot
512 2571 733 2623 mutare
771 2565 1019 2641 animas,
1065 2572 1152 2624 tot
1193 2562 1444 2625 reddere
1487 2579 1737 2643 corpora
1776 2565 1989 2625 vitae.

354 2645 677 2708 Labdacios
717 2664 863 2710 vero
904 2647 1262 2728 Pelopisque
1308 2666 1342 2709 a
1385 2648 1567 2727 stirpe
1596 2657 1849 2728 nepotes

355 2729 605 2792 Tardum
642 2731 883 2794 abolere
926 2732 1088 2802 mihi;
1132 2732 1250 2793 scis
1291 2732 1456 2811 ipse,
1498 2741 1559 2792 ut
1602 2734 1837 2793 crimina
1876 2733 2095 2794 mittam

351 2816 606 2892 Dorica,
653 2834 823 2896 quam
858 2825 1163 2896 promptae
1207 2829 1459 2896 superos
1494 2817 1801 2878 incessere
1844 2815 2105 2895 Thebae,

354 2900 441 2961 Te
484 2917 751 2981 quoque;
798 2901 903 2963 sed
947 2901 1214 2981 quoniam
1252 2910 1423 2961 vetus
1461 2901 1676 2963 excidit
1716 2904 1830 2977 ira,
1876 2901 2091 2962 silebo.

351 2983 485 3046 Non
521 2994 710 3045 tamen
754 2995 851 3047 aut
890 2986 1080 3069 patrio
1123 3003 1434 3085 resp-ersus
1477 2986 1757 3064 sanguine
1799 2985 2117 3066 Pentheus,

354 3069 473 3129 Aut
506 3078 748 3130 matrem
787 3064 1120 3131 scelerasse
1159 3071 1339 3147 toris,
1386 3079 1484 3131 aut
1528 3072 1765 3131 crimine
1805 3069 2018 3131 fratres

351 3153 744 3233 Progenuisse
780 3171 917 3213 reus
959 3154 1159 3215 lacero
1196 3164 1292 3216 tua
1335 3155 1515 3216 lustra
1558 3155 1814 3234 replevit

350 3236 612 3308 Funere;
657 3237 756 3299 ubi
796 3239 1019 3339 fletus,
1043 3239 1142 3299 ubi
1186 3248 1323 3299 tunc
1364 3255 1459 3301 ars
1502 3248 1655 3301 tanta
1697 3235 2043 3319 precandi?

352 3320 463 3382 Ast
509 3338 624 3400 ego
660 3339 777 3382 non
817 3314 1061 3402 proprio
1100 3322 1260 3384 diros
1301 3324 1553 3403 inpendo
1596 3324 1789 3385 dolori

353 3403 874 3486 Oedipodionidas:
917 3415 1090 3488 rogat
1130 3407 1247 3471 hoc
1289 3408 1580 3491 tellusque
1627 3409 1915 3491 polusque

2268 378 2380 435 180

2274 801 2380 857 185

2270 1226 2384 1283 190

2268 1648 2377 1704 195

2258 2068 2377 2123 200

2253 2916 2372 2970 210

2251 3338 2367 3392 215
