<?xml version="1.0" encoding="UTF-8"?>
<!DOCTYPE html PUBLIC "-//W3C//DTD XHTML 1.0 Transitional//EN"
    "http://www.w3.org/TR/xhtml1/DTD/xhtml1-transitional.dtd">
<html xmlns="http://www.w3.org/1999/xhtml" xml:lang="en" lang="en">
 <head>
  <title>
</title>
<meta http-equiv="Content-Type" content="text/html;charset=utf-8" />
  <meta name='ocr-system' content='tesseract 3.04.00' />
  <meta name='ocr-capabilities' content='ocr_page ocr_carea ocr_par ocr_line ocrx_word'/>
</head>
<body>
  <div class='ocr_page' id='page_1' title='image "./ppapiniusstatiu00placgoog_0400.png"; bbox 0 0 2517 3909; ppageno 0'>
   <div class='ocr_carea' id='block_1_1' title="bbox 338 117 1660 183">
    <p class='ocr_par' dir='ltr' id='par_1_1' title="bbox 338 117 1660 183">
     <span class='ocr_line' id='line_1_1' title="bbox 338 117 1660 183; baseline -0.002 -2"><span class='ocrx_word' id='word_1_1' title='bbox 338 117 455 183; x_wconf 87' lang='grc'><strong>108</strong></span> <span class='ocrx_word' id='word_1_2' title='bbox 1022 128 1088 179; x_wconf 82' lang='lat' dir='ltr'><strong>P.</strong></span> <span class='ocrx_word' id='word_1_3' title='bbox 1123 128 1660 179; x_wconf 60' lang='lat' dir='ltr'><strong>suffusum</strong></span> 
     </span>
    </p>
   </div>
   <div class='ocr_carea' id='block_1_2' title="bbox 321 282 2349 3499">
    <p class='ocr_par' dir='ltr' id='par_1_2' title="bbox 334 282 2181 367">
     <span class='ocr_line' id='line_1_2' title="bbox 334 282 2181 367; baseline -0.003 -17"><span class='ocrx_word' id='word_1_4' title='bbox 334 287 643 367; x_wconf 80' lang='lat' dir='ltr'><strong>Sanguinis</strong></span> <span class='ocrx_word' id='word_1_5' title='bbox 686 282 870 347; x_wconf 84' lang='lat' dir='ltr'><strong>imbre</strong></span> <span class='ocrx_word' id='word_1_6' title='bbox 909 283 1080 363; x_wconf 74' lang='lat' dir='ltr'><strong>novi‚&#39;</strong></span> <span class='ocrx_word' id='word_1_7' title='bbox 1118 292 1420 364; x_wconf 69' lang='lat' dir='ltr'><strong>totumque</strong></span> <span class='ocrx_word' id='word_1_8' title='bbox 1457 284 1518 344; x_wconf 90' lang='lat' dir='ltr'><strong>in</strong></span> <span class='ocrx_word' id='word_1_9' title='bbox 1554 286 1801 347; x_wconf 77' lang='lat' dir='ltr'><strong>vulnere</strong></span> <span class='ocrx_word' id='word_1_10' title='bbox 1845 302 2085 366; x_wconf 70' lang='lat' dir='ltr'><strong>corpus.</strong></span> <span class='ocrx_word' id='word_1_11' title='bbox 2170 282 2181 290; x_wconf 83' lang='lat'><strong><em>&#39;</em></strong></span> 
     </span>
    </p>

    <p class='ocr_par' dir='ltr' id='par_1_3' title="bbox 331 369 2349 876">
     <span class='ocr_line' id='line_1_3' title="bbox 461 369 1966 451; baseline -0.002 -18"><span class='ocrx_word' id='word_1_12' title='bbox 461 372 554 433; x_wconf 89' lang='lat' dir='ltr'><strong>Ac</strong></span> <span class='ocrx_word' id='word_1_13' title='bbox 594 371 755 433; x_wconf 83' lang='lat' dir='ltr'><strong>velut</strong></span> <span class='ocrx_word' id='word_1_14' title='bbox 795 369 1057 447; x_wconf 76' lang='grc' dir='ltr'><strong>01180το0</strong></span> <span class='ocrx_word' id='word_1_15' title='bbox 1100 370 1305 431; x_wconf 84' lang='lat' dir='ltr'><strong>sedem</strong></span> <span class='ocrx_word' id='word_1_16' title='bbox 1345 370 1661 449; x_wconf 77' lang='lat' dir='ltr'><strong>factusque</strong></span> <span class='ocrx_word' id='word_1_17' title='bbox 1703 372 1966 451; x_wconf 68' lang='lat' dir='ltr'><strong>parentis</strong></span> 
     </span>
     <span class='ocr_line' id='line_1_4' title="bbox 334 453 2349 537; baseline 0 -18"><span class='ocrx_word' id='word_1_18' title='bbox 334 459 524 535; x_wconf 84' lang='lat' dir='ltr'><strong>Quum</strong></span> <span class='ocrx_word' id='word_1_19' title='bbox 562 459 732 537; x_wconf 85' lang='lat' dir='ltr'><strong>piger</strong></span> <span class='ocrx_word' id='word_1_20' title='bbox 770 453 1041 516; x_wconf 74' lang='lat' dir='ltr'><strong>umbrosa</strong></span> <span class='ocrx_word' id='word_1_21' title='bbox 1079 453 1394 534; x_wconf 82' lang='lat' dir='ltr'><strong>populatus</strong></span> <span class='ocrx_word' id='word_1_22' title='bbox 1435 455 1495 514; x_wconf 68' lang='lat' dir='ltr'><strong>in</strong></span> <span class='ocrx_word' id='word_1_23' title='bbox 1529 455 1669 516; x_wconf 76' lang='lat' dir='ltr'><strong>ilice</strong></span> <span class='ocrx_word' id='word_1_24' title='bbox 1713 473 1986 535; x_wconf 79' lang='lat' dir='ltr'><strong>serpens,</strong></span> <span class='ocrx_word' id='word_1_25' title='bbox 2240 464 2349 520; x_wconf 93' lang='grc'><strong>600</strong></span> 
     </span>
     <span class='ocr_line' id='line_1_5' title="bbox 331 538 1906 620; baseline -0.003 -15"><span class='ocrx_word' id='word_1_26' title='bbox 331 543 442 605; x_wconf 88' lang='grc'><strong>1110</strong></span> <span class='ocrx_word' id='word_1_27' title='bbox 484 542 671 620; x_wconf 84' lang='lat' dir='ltr'><strong>redit,</strong></span> <span class='ocrx_word' id='word_1_28' title='bbox 717 538 1117 619; x_wconf 77' lang='lat' dir='ltr'><strong>querulaeque</strong></span> <span class='ocrx_word' id='word_1_29' title='bbox 1162 540 1369 600; x_wconf 88' lang='lat' dir='ltr'><strong>domus</strong></span> <span class='ocrx_word' id='word_1_30' title='bbox 1410 540 1612 601; x_wconf 81' lang='lat' dir='ltr'><strong>mirata</strong></span> <span class='ocrx_word' id='word_1_31' title='bbox 1652 541 1906 620; x_wconf 86' lang='lat' dir='ltr'><strong>quietem</strong></span> 
     </span>
     <span class='ocr_line' id='line_1_6' title="bbox 334 623 2030 706; baseline -0.004 -16"><span class='ocrx_word' id='word_1_32' title='bbox 334 630 463 689; x_wconf 85' lang='lat' dir='ltr'><strong>Stat</strong></span> <span class='ocrx_word' id='word_1_33' title='bbox 505 645 684 706; x_wconf 86' lang='lat' dir='ltr'><strong>super</strong></span> <span class='ocrx_word' id='word_1_34' title='bbox 723 623 1045 704; x_wconf 74' lang='lat' dir='ltr'><strong>inpendens</strong></span> <span class='ocrx_word' id='word_1_35' title='bbox 1088 624 1490 703; x_wconf 69' lang='lat' dir='ltr'><strong>advectosque</strong></span> <span class='ocrx_word' id='word_1_36' title='bbox 1529 625 1766 686; x_wconf 82' lang='lat' dir='ltr'><strong>horrida</strong></span> <span class='ocrx_word' id='word_1_37' title='bbox 1801 633 2030 685; x_wconf 81' lang='lat' dir='ltr'><strong>moesto</strong></span> 
     </span>
     <span class='ocr_line' id='line_1_7' title="bbox 333 707 1923 789; baseline -0.003 -14"><span class='ocrx_word' id='word_1_38' title='bbox 333 712 573 775; x_wconf 78' lang='lat' dir='ltr'>Excutit</span> <span class='ocrx_word' id='word_1_39' title='bbox 612 728 718 771; x_wconf 89' lang='lat' dir='ltr'><strong>ore</strong></span> <span class='ocrx_word' id='word_1_40' title='bbox 758 707 957 786; x_wconf 85' lang='lat' dir='ltr'><strong>cibos,</strong></span> <span class='ocrx_word' id='word_1_41' title='bbox 1003 726 1177 789; x_wconf 81' lang='lat' dir='ltr'><strong>quum</strong></span> <span class='ocrx_word' id='word_1_42' title='bbox 1221 709 1384 769; x_wconf 81' lang='lat' dir='ltr'><strong>solus</strong></span> <span class='ocrx_word' id='word_1_43' title='bbox 1428 710 1485 768; x_wconf 92' lang='lat' dir='ltr'><strong>in</strong></span> <span class='ocrx_word' id='word_1_44' title='bbox 1526 710 1740 771; x_wconf 79' lang='lat' dir='ltr'><strong>arbore</strong></span> <span class='ocrx_word' id='word_1_45' title='bbox 1784 726 1923 771; x_wconf 83' lang='lat' dir='ltr'><strong>cara</strong></span> 
     </span>
     <span class='ocr_line' id='line_1_8' title="bbox 335 793 1914 876; baseline -0.004 -16"><span class='ocrx_word' id='word_1_46' title='bbox 335 798 585 876; x_wconf 82' lang='lat' dir='ltr'><strong>Sanguis</strong></span> <span class='ocrx_word' id='word_1_47' title='bbox 630 804 692 856; x_wconf 88' lang='lat' dir='ltr'><strong>et</strong></span> <span class='ocrx_word' id='word_1_48' title='bbox 729 802 1002 855; x_wconf 63' lang='lat' dir='ltr'><strong>errantes,</strong></span> <span class='ocrx_word' id='word_1_49' title='bbox 1039 811 1149 873; x_wconf 88' lang='lat' dir='ltr'><strong>per</strong></span> <span class='ocrx_word' id='word_1_50' title='bbox 1171 802 1365 872; x_wconf 75' lang='lat' dir='ltr'><strong>capta</strong></span> <span class='ocrx_word' id='word_1_51' title='bbox 1408 793 1620 856; x_wconf 81' lang='lat' dir='ltr'><strong>cubilia</strong></span> <span class='ocrx_word' id='word_1_52' title='bbox 1663 794 1914 874; x_wconf 80' lang='lat' dir='ltr'><strong>plumae.</strong></span> 
     </span>
    </p>

    <p class='ocr_par' dir='ltr' id='par_1_4' title="bbox 332 878 2348 1128">
     <span class='ocr_line' id='line_1_9' title="bbox 466 878 2348 960; baseline -0.001 -17"><span class='ocrx_word' id='word_1_53' title='bbox 466 882 542 943; x_wconf 91' lang='lat' dir='ltr'><strong>Ut</strong></span> <span class='ocrx_word' id='word_1_54' title='bbox 587 881 821 942; x_wconf 87' lang='lat' dir='ltr'><strong>laceros</strong></span> <span class='ocrx_word' id='word_1_55' title='bbox 864 887 1024 939; x_wconf 80' lang='lat' dir='ltr'><strong>artus</strong></span> <span class='ocrx_word' id='word_1_56' title='bbox 1064 880 1292 956; x_wconf 83' lang='lat' dir='ltr'><strong>gremio</strong></span> <span class='ocrx_word' id='word_1_57' title='bbox 1337 880 1665 941; x_wconf 72' lang='lat' dir='ltr'><strong>miseranda</strong></span> <span class='ocrx_word' id='word_1_58' title='bbox 1706 878 1939 960; x_wconf 80' lang='lat' dir='ltr'><strong>recepit</strong></span> <span class='ocrx_word' id='word_1_59' title='bbox 2243 885 2348 942; x_wconf 83' lang='grc'><strong>605</strong></span> 
     </span>
     <span class='ocr_line' id='line_1_10' title="bbox 332 963 1673 1045; baseline -0.004 -15"><span class='ocrx_word' id='word_1_60' title='bbox 332 968 662 1045; x_wconf 88' lang='lat' dir='ltr'><strong>Intexitque</strong></span> <span class='ocrx_word' id='word_1_61' title='bbox 705 964 920 1041; x_wconf 77' lang='lat' dir='ltr'><strong>comis,</strong></span> <span class='ocrx_word' id='word_1_62' title='bbox 962 963 1193 1024; x_wconf 76' lang='lat' dir='ltr'><strong>tandem</strong></span> <span class='ocrx_word' id='word_1_63' title='bbox 1231 964 1428 1025; x_wconf 84' lang='lat' dir='ltr'><strong>laxata</strong></span> <span class='ocrx_word' id='word_1_64' title='bbox 1464 964 1673 1025; x_wconf 77' lang='lat' dir='ltr'><strong>dolore</strong></span> 
     </span>
     <span class='ocr_line' id='line_1_11' title="bbox 333 1046 1905 1128; baseline -0.006 -13"><span class='ocrx_word' id='word_1_65' title='bbox 333 1052 472 1114; x_wconf 84' lang='lat' dir='ltr'><strong>Vox</strong></span> <span class='ocrx_word' id='word_1_66' title='bbox 512 1050 730 1112; x_wconf 85' lang='lat' dir='ltr'><strong>invenit</strong></span> <span class='ocrx_word' id='word_1_67' title='bbox 769 1050 915 1125; x_wconf 83' lang='lat' dir='ltr'><strong>iter,</strong></span> <span class='ocrx_word' id='word_1_68' title='bbox 965 1050 1336 1128; x_wconf 75' lang='lat' dir='ltr'><strong>gemitusque</strong></span> <span class='ocrx_word' id='word_1_69' title='bbox 1376 1049 1436 1109; x_wconf 78' lang='lat' dir='ltr'><strong>in</strong></span> <span class='ocrx_word' id='word_1_70' title='bbox 1469 1048 1654 1111; x_wconf 80' lang='lat' dir='ltr'><strong>verba</strong></span> <span class='ocrx_word' id='word_1_71' title='bbox 1696 1046 1905 1109; x_wconf 76' lang='lat' dir='ltr'><strong>soluti:</strong></span> 
     </span>
    </p>

    <p class='ocr_par' dir='ltr' id='par_1_5' title="bbox 321 1134 2344 3499">
     <span class='ocr_line' id='line_1_12' title="bbox 458 1134 1815 1211; baseline -0.002 -14.937"><span class='ocrx_word' id='word_1_72' title='bbox 458 1134 548 1196; x_wconf 75' lang='lat' dir='ltr'><strong>‘O</strong></span> <span class='ocrx_word' id='word_1_73' title='bbox 585 1134 721 1196; x_wconf 83' lang='lat' dir='ltr'><strong>mihi</strong></span> <span class='ocrx_word' id='word_1_74' title='bbox 758 1134 1031 1195; x_wconf 79' lang='lat' dir='ltr'><strong>desertae</strong></span> <span class='ocrx_word' id='word_1_75' title='bbox 1069 1142 1335 1194; x_wconf 84' lang='lat' dir='ltr'><strong>natorum</strong></span> <span class='ocrx_word' id='word_1_76' title='bbox 1371 1134 1559 1195; x_wconf 82' lang='lat' dir='ltr'><strong>dulcis</strong></span> <span class='ocrx_word' id='word_1_77' title='bbox 1596 1135 1815 1211; x_wconf 81' lang='lat' dir='ltr'><strong>imag-o,</strong></span> 
     </span>
     <span class='ocr_line' id='line_1_13' title="bbox 337 1215 2089 1312; baseline -0.003 -28"><span class='ocrx_word' id='word_1_78' title='bbox 337 1221 734 1297; x_wconf 85' lang='lat' dir='ltr'><strong>Archemore‚</strong></span> <span class='ocrx_word' id='word_1_79' title='bbox 781 1235 818 1278; x_wconf 92' lang='lat' dir='ltr'><strong>o</strong></span> <span class='ocrx_word' id='word_1_80' title='bbox 860 1236 1056 1279; x_wconf 86' lang='lat' dir='ltr'><strong>rerum</strong></span> <span class='ocrx_word' id='word_1_81' title='bbox 1100 1227 1159 1278; x_wconf 90' lang='lat' dir='ltr'><strong>et</strong></span> <span class='ocrx_word' id='word_1_82' title='bbox 1202 1219 1441 1298; x_wconf 74' lang='lat' dir='ltr'><strong>patriae</strong></span> <span class='ocrx_word' id='word_1_83' title='bbox 1470 1217 1743 1279; x_wconf 73' lang='lat' dir='ltr'><strong>solamen&#39;</strong></span> <span class='ocrx_word' id='word_1_84' title='bbox 1771 1215 2089 1312; x_wconf 73' lang='lat' dir='ltr'><strong>ademptae</strong></span> 
     </span>
     <span class='ocr_line' id='line_1_14' title="bbox 337 1303 2344 1386; baseline -0.003 -17"><span class='ocrx_word' id='word_1_85' title='bbox 337 1307 692 1386; x_wconf 76' lang='lat' dir='ltr'><strong>Sei-vitiique</strong></span> <span class='ocrx_word' id='word_1_86' title='bbox 733 1303 951 1379; x_wconf 76' lang='lat' dir='ltr'><strong>decus,</strong></span> <span class='ocrx_word' id='word_1_87' title='bbox 998 1304 1097 1383; x_wconf 70' lang='lat' dir='ltr'><strong>qui</strong></span> <span class='ocrx_word' id='word_1_88' title='bbox 1140 1311 1230 1378; x_wconf 81' lang='lat' dir='ltr'><strong>te,</strong></span> <span class='ocrx_word' id='word_1_89' title='bbox 1273 1320 1403 1363; x_wconf 81' lang='lat' dir='ltr'><strong>mea</strong></span> <span class='ocrx_word' id='word_1_90' title='bbox 1448 1303 1692 1380; x_wconf 77' lang='lat' dir='ltr'><strong>gandia,</strong></span> <span class='ocrx_word' id='word_1_91' title='bbox 1734 1309 1941 1363; x_wconf 78' lang='lat' dir='ltr'><strong>sontes</strong></span> <span class='ocrx_word' id='word_1_92' title='bbox 2238 1309 2344 1366; x_wconf 87' lang='grc'><strong>610</strong></span> 
     </span>
     <span class='ocr_line' id='line_1_15' title="bbox 332 1347 1836 1468; baseline -0.004 -16"><span class='ocrx_word' id='word_1_93' title='bbox 332 1391 659 1454; x_wconf 86' lang='lat' dir='ltr'><strong>Extinxere</strong></span> <span class='ocrx_word' id='word_1_94' title='bbox 704 1388 832 1465; x_wconf 87' lang='lat' dir='ltr'><strong>dei,</strong></span> <span class='ocrx_word' id='word_1_95' title='bbox 878 1347 1052 1449; x_wconf 72' lang='lat' dir='ltr'><strong>mbdo</strong></span> <span class='ocrx_word' id='word_1_96' title='bbox 1097 1403 1269 1466; x_wconf 85' lang='lat' dir='ltr'><strong>quem</strong></span> <span class='ocrx_word' id='word_1_97' title='bbox 1311 1387 1580 1465; x_wconf 78' lang='lat' dir='ltr'><strong>dig-ressa</strong></span> <span class='ocrx_word' id='word_1_98' title='bbox 1624 1387 1836 1468; x_wconf 83' lang='lat' dir='ltr'><strong>reliqui</strong></span> 
     </span>
     <span class='ocr_line' id='line_1_16' title="bbox 333 1470 1862 1553; baseline -0.003 -16"><span class='ocrx_word' id='word_1_99' title='bbox 333 1475 639 1537; x_wconf 84' lang='lat' dir='ltr'><strong>Lascivum</strong></span> <span class='ocrx_word' id='word_1_100' title='bbox 677 1482 737 1534; x_wconf 89' lang='lat' dir='ltr'><strong>et</strong></span> <span class='ocrx_word' id='word_1_101' title='bbox 771 1488 959 1553; x_wconf 81' lang='lat' dir='ltr'><strong>prono</strong></span> <span class='ocrx_word' id='word_1_102' title='bbox 1000 1480 1313 1532; x_wconf 74' lang='lat' dir='ltr'><strong>vexantem</strong></span> <span class='ocrx_word' id='word_1_103' title='bbox 1348 1474 1605 1549; x_wconf 79' lang='lat' dir='ltr'><strong>gramina</strong></span> <span class='ocrx_word' id='word_1_104' title='bbox 1647 1470 1862 1533; x_wconf 77' lang='lat' dir='ltr'><strong>cursu?</strong></span> 
     </span>
     <span class='ocr_line' id='line_1_17' title="bbox 335 1553 1744 1635; baseline -0.003 -13"><span class='ocrx_word' id='word_1_105' title='bbox 335 1560 464 1622; x_wconf 83' lang='lat' dir='ltr'><strong>Heu</strong></span> <span class='ocrx_word' id='word_1_106' title='bbox 509 1558 608 1619; x_wconf 91' lang='lat' dir='ltr'><strong>ubi</strong></span> <span class='ocrx_word' id='word_1_107' title='bbox 650 1558 868 1619; x_wconf 84' lang='lat' dir='ltr'><strong>siderei</strong></span> <span class='ocrx_word' id='word_1_108' title='bbox 909 1553 1150 1617; x_wconf 77' lang='lat' dir='ltr'><strong>vultus?</strong></span> <span class='ocrx_word' id='word_1_109' title='bbox 1193 1555 1293 1617; x_wconf 93' lang='lat' dir='ltr'><strong>ubi</strong></span> <span class='ocrx_word' id='word_1_110' title='bbox 1331 1556 1513 1617; x_wconf 85' lang='lat' dir='ltr'><strong>verba</strong></span> <span class='ocrx_word' id='word_1_111' title='bbox 1552 1557 1744 1635; x_wconf 78' lang='lat' dir='ltr'><strong>ligatis</strong></span> 
     </span>
     <span class='ocr_line' id='line_1_18' title="bbox 338 1641 1818 1724; baseline -0.003 -18"><span class='ocrx_word' id='word_1_112' title='bbox 338 1643 674 1724; x_wconf 80' lang='lat' dir='ltr'><strong>Inperfecta</strong></span> <span class='ocrx_word' id='word_1_113' title='bbox 710 1642 904 1720; x_wconf 77' lang='lat' dir='ltr'><strong>sonis,</strong></span> <span class='ocrx_word' id='word_1_114' title='bbox 943 1641 1219 1721; x_wconf 86' lang='lat' dir='ltr'><strong>risusque</strong></span> <span class='ocrx_word' id='word_1_115' title='bbox 1269 1650 1330 1701; x_wconf 86' lang='lat' dir='ltr'><strong>et</strong></span> <span class='ocrx_word' id='word_1_116' title='bbox 1370 1647 1657 1703; x_wconf 77' lang='lat' dir='ltr'><strong>murmura</strong></span> <span class='ocrx_word' id='word_1_117' title='bbox 1701 1641 1818 1703; x_wconf 88' lang='lat' dir='ltr'><strong>soli</strong></span> 
     </span>
     <span class='ocr_line' id='line_1_19' title="bbox 336 1724 2341 1806; baseline -0.001 -16"><span class='ocrx_word' id='word_1_118' title='bbox 336 1728 648 1790; x_wconf 84' lang='lat' dir='ltr'><strong>Intellecta</strong></span> <span class='ocrx_word' id='word_1_119' title='bbox 687 1724 864 1787; x_wconf 73' lang='lat' dir='ltr'><strong>mihi?</strong></span> <span class='ocrx_word' id='word_1_120' title='bbox 911 1727 1179 1806; x_wconf 76' lang='lat' dir='ltr'><strong>quotiens</strong></span> <span class='ocrx_word' id='word_1_121' title='bbox 1220 1725 1324 1785; x_wconf 82' lang='lat' dir='ltr'><strong>tibi</strong></span> <span class='ocrx_word' id='word_1_122' title='bbox 1361 1725 1619 1786; x_wconf 68' lang='lat' dir='ltr'><strong>Lemnon</strong></span> <span class='ocrx_word' id='word_1_123' title='bbox 1652 1735 1718 1787; x_wconf 83' lang='lat' dir='ltr'><strong>et</strong></span> <span class='ocrx_word' id='word_1_124' title='bbox 1757 1725 1923 1805; x_wconf 76' lang='lat' dir='ltr'><strong>Argo</strong></span> <span class='ocrx_word' id='word_1_125' title='bbox 2242 1733 2341 1789; x_wconf 80' lang='lat'><strong>615</strong></span> 
     </span>
     <span class='ocr_line' id='line_1_20' title="bbox 337 1808 1966 1892; baseline -0.002 -17"><span class='ocrx_word' id='word_1_126' title='bbox 337 1817 519 1875; x_wconf 89' lang='lat' dir='ltr'><strong>Sueta</strong></span> <span class='ocrx_word' id='word_1_127' title='bbox 560 1812 725 1892; x_wconf 87' lang='lat' dir='ltr'><strong>loqui</strong></span> <span class='ocrx_word' id='word_1_128' title='bbox 768 1820 827 1872; x_wconf 88' lang='lat' dir='ltr'><strong>et</strong></span> <span class='ocrx_word' id='word_1_129' title='bbox 869 1811 1045 1889; x_wconf 73' lang='lat' dir='ltr'><strong>long-a</strong></span> <span class='ocrx_word' id='word_1_130' title='bbox 1079 1828 1341 1871; x_wconf 86' lang='lat' dir='ltr'><strong>somnum</strong></span> <span class='ocrx_word' id='word_1_131' title='bbox 1384 1810 1634 1872; x_wconf 69' lang='lat' dir='ltr'><strong>madere</strong></span> <span class='ocrx_word' id='word_1_132' title='bbox 1680 1808 1966 1891; x_wconf 77' lang='lat' dir='ltr'><strong>querela?</strong></span> 
     </span>
     <span class='ocr_line' id='line_1_21' title="bbox 335 1894 1811 1977; baseline -0.003 -17"><span class='ocrx_word' id='word_1_133' title='bbox 335 1900 437 1961; x_wconf 90' lang='lat' dir='ltr'><strong>Sic</strong></span> <span class='ocrx_word' id='word_1_134' title='bbox 480 1898 749 1977; x_wconf 84' lang='lat' dir='ltr'><strong>equidem</strong></span> <span class='ocrx_word' id='word_1_135' title='bbox 789 1896 1000 1958; x_wconf 76' lang='lat' dir='ltr'><strong>luctus·</strong></span> <span class='ocrx_word' id='word_1_136' title='bbox 1024 1894 1264 1956; x_wconf 79' lang='lat' dir='ltr'><strong>solabar</strong></span> <span class='ocrx_word' id='word_1_137' title='bbox 1306 1904 1363 1955; x_wconf 87' lang='lat' dir='ltr'><strong>et</strong></span> <span class='ocrx_word' id='word_1_138' title='bbox 1404 1895 1588 1957; x_wconf 83' lang='lat' dir='ltr'><strong>ubera</strong></span> <span class='ocrx_word' id='word_1_139' title='bbox 1624 1913 1811 1975; x_wconf 79' lang='lat' dir='ltr'><strong>parvo</strong></span> 
     </span>
     <span class='ocr_line' id='line_1_22' title="bbox 337 1981 1936 2060; baseline -0.003 -15"><span class='ocrx_word' id='word_1_140' title='bbox 337 1984 459 2045; x_wconf 84' lang='lat' dir='ltr'><strong>Iam</strong></span> <span class='ocrx_word' id='word_1_141' title='bbox 502 1991 761 2044; x_wconf 84' lang='lat' dir='ltr'><strong>materna</strong></span> <span class='ocrx_word' id='word_1_142' title='bbox 799 1981 1036 2060; x_wconf 82' lang='lat' dir='ltr'><strong>dabam,</strong></span> <span class='ocrx_word' id='word_1_143' title='bbox 1080 1982 1174 2040; x_wconf 87' lang='lat' dir='ltr'><strong>cui</strong></span> <span class='ocrx_word' id='word_1_144' title='bbox 1215 1998 1367 2042; x_wconf 78' lang='grc'><strong>1111110</strong></span> <span class='ocrx_word' id='word_1_145' title='bbox 1409 1981 1566 2041; x_wconf 82' lang='lat' dir='ltr'><strong>venit</strong></span> <span class='ocrx_word' id='word_1_146' title='bbox 1609 1982 1803 2041; x_wconf 84' lang='lat' dir='ltr'><strong>irritus</strong></span> <span class='ocrx_word' id='word_1_147' title='bbox 1848 1981 1936 2041; x_wconf 87' lang='lat' dir='ltr'><strong>ori</strong></span> 
     </span>
     <span class='ocr_line' id='line_1_23' title="bbox 333 2063 1834 2144; baseline -0.003 -15"><span class='ocrx_word' id='word_1_148' title='bbox 333 2068 563 2144; x_wconf 81' lang='lat' dir='ltr'><strong>Laetis,</strong></span> <span class='ocrx_word' id='word_1_149' title='bbox 611 2076 671 2127; x_wconf 89' lang='lat' dir='ltr'><strong>et</strong></span> <span class='ocrx_word' id='word_1_150' title='bbox 713 2065 930 2127; x_wconf 54' lang='lat' dir='ltr'><strong>inf-elix!</strong></span> <span class='ocrx_word' id='word_1_151' title='bbox 959 2066 1016 2127; x_wconf 92' lang='lat' dir='ltr'><strong>in</strong></span> <span class='ocrx_word' id='word_1_152' title='bbox 1058 2063 1303 2126; x_wconf 84' lang='lat' dir='ltr'><strong>vulnera</strong></span> <span class='ocrx_word' id='word_1_153' title='bbox 1354 2065 1589 2144; x_wconf 84' lang='lat' dir='ltr'><strong>liquitur</strong></span> <span class='ocrx_word' id='word_1_154' title='bbox 1629 2065 1834 2127; x_wconf 82' lang='lat' dir='ltr'><strong>imber.</strong></span> 
     </span>
     <span class='ocr_line' id='line_1_24' title="bbox 332 2150 2339 2229; baseline -0.001 -15"><span class='ocrx_word' id='word_1_155' title='bbox 332 2152 536 2214; x_wconf 84' lang='lat' dir='ltr'><strong>Nosco</strong></span> <span class='ocrx_word' id='word_1_156' title='bbox 573 2152 751 2213; x_wconf 85' lang='lat' dir='ltr'><strong>deos:</strong></span> <span class='ocrx_word' id='word_1_157' title='bbox 789 2168 824 2211; x_wconf 93' lang='lat' dir='ltr'><strong>o</strong></span> <span class='ocrx_word' id='word_1_158' title='bbox 867 2150 1008 2212; x_wconf 85' lang='lat' dir='ltr'><strong>dura</strong></span> <span class='ocrx_word' id='word_1_159' title='bbox 1047 2150 1163 2210; x_wconf 89' lang='lat' dir='ltr'><strong>mei</strong></span> <span class='ocrx_word' id='word_1_160' title='bbox 1205 2151 1516 2229; x_wconf 78' lang='lat' dir='ltr'><strong>praesagia</strong></span> <span class='ocrx_word' id='word_1_161' title='bbox 1559 2152 1744 2211; x_wconf 87' lang='lat' dir='ltr'><strong>somni</strong></span> <span class='ocrx_word' id='word_1_162' title='bbox 2236 2157 2339 2213; x_wconf 80' lang='lat'><strong>620</strong></span> 
     </span>
     <span class='ocr_line' id='line_1_25' title="bbox 334 2232 2129 2316; baseline -0.003 -18"><span class='ocrx_word' id='word_1_163' title='bbox 334 2237 738 2316; x_wconf 84' lang='lat' dir='ltr'><strong>Nocturnique</strong></span> <span class='ocrx_word' id='word_1_164' title='bbox 770 2243 997 2312; x_wconf 80' lang='lat' dir='ltr'><strong>metus,</strong></span> <span class='ocrx_word' id='word_1_165' title='bbox 1046 2244 1106 2295; x_wconf 87' lang='lat' dir='ltr'><strong>et</strong></span> <span class='ocrx_word' id='word_1_166' title='bbox 1145 2251 1453 2313; x_wconf 85' lang='lat' dir='ltr'><strong>numquam</strong></span> <span class='ocrx_word' id='word_1_167' title='bbox 1492 2236 1709 2314; x_wconf 84' lang='lat' dir='ltr'><strong>inpune</strong></span> <span class='ocrx_word' id='word_1_168' title='bbox 1751 2253 1864 2315; x_wconf 83' lang='lat' dir='ltr'><strong>per</strong></span> <span class='ocrx_word' id='word_1_169' title='bbox 1894 2232 2129 2296; x_wconf 84' lang='lat' dir='ltr'><strong>umbras</strong></span> 
     </span>
     <span class='ocr_line' id='line_1_26' title="bbox 334 2316 1919 2399; baseline -0.001 -17"><span class='ocrx_word' id='word_1_170' title='bbox 334 2322 634 2385; x_wconf 82' lang='lat' dir='ltr'><strong>Attonitae</strong></span> <span class='ocrx_word' id='word_1_171' title='bbox 669 2320 806 2381; x_wconf 69' lang='lat' dir='ltr'><strong>mihi</strong></span> <span class='ocrx_word' id='word_1_172' title='bbox 848 2321 975 2380; x_wconf 81' lang='lat' dir='ltr'><strong>visa</strong></span> <span class='ocrx_word' id='word_1_173' title='bbox 1014 2318 1242 2379; x_wconf 83' lang='lat' dir='ltr'><strong>Venus!</strong></span> <span class='ocrx_word' id='word_1_174' title='bbox 1287 2335 1436 2399; x_wconf 74' lang='lat' dir='ltr'><strong>quos</strong></span> <span class='ocrx_word' id='word_1_175' title='bbox 1480 2335 1664 2398; x_wconf 79' lang='lat' dir='ltr'><strong>arguo</strong></span> <span class='ocrx_word' id='word_1_176' title='bbox 1709 2316 1919 2382; x_wconf 53' lang='lat' dir='ltr'><strong>ditos?</strong></span> 
     </span>
     <span class='ocr_line' id='line_1_27' title="bbox 334 2400 2217 2486; baseline -0.003 -19"><span class='ocrx_word' id='word_1_177' title='bbox 334 2406 474 2486; x_wconf 84' lang='lat' dir='ltr'><strong>lpse</strong></span> <span class='ocrx_word' id='word_1_178' title='bbox 521 2423 638 2484; x_wconf 83' lang='lat' dir='ltr'><strong>ego</strong></span> <span class='ocrx_word' id='word_1_179' title='bbox 683 2413 744 2466; x_wconf 87' lang='lat' dir='ltr'><strong>te</strong></span> <span class='ocrx_word' id='word_1_180' title='bbox 788 2438 873 2453; x_wconf 70' lang='lat'><strong>—-</strong></span> <span class='ocrx_word' id='word_1_181' title='bbox 913 2404 1052 2484; x_wconf 88' lang='lat' dir='ltr'><strong>quid</strong></span> <span class='ocrx_word' id='word_1_182' title='bbox 1091 2404 1240 2464; x_wconf 89' lang='lat' dir='ltr'><strong>enim</strong></span> <span class='ocrx_word' id='word_1_183' title='bbox 1284 2405 1517 2464; x_wconf 86' lang='lat' dir='ltr'><strong>timeam</strong></span> <span class='ocrx_word' id='word_1_184' title='bbox 1554 2408 1833 2466; x_wconf 80' lang='lat' dir='ltr'><strong>moritura</strong></span> <span class='ocrx_word' id='word_1_185' title='bbox 1869 2400 2091 2466; x_wconf 78' lang='lat' dir='ltr'><strong>fateri?</strong></span> <span class='ocrx_word' id='word_1_186' title='bbox 2128 2436 2217 2450; x_wconf 87' lang='lat'><strong>——-</strong></span> 
     </span>
     <span class='ocr_line' id='line_1_28' title="bbox 332 2486 1851 2571; baseline -0.002 -19"><span class='ocrx_word' id='word_1_187' title='bbox 332 2489 601 2571; x_wconf 83' lang='lat' dir='ltr'><strong>Exposui</strong></span> <span class='ocrx_word' id='word_1_188' title='bbox 636 2490 789 2552; x_wconf 78' lang='lat' dir='ltr'><strong>fatis·</strong></span> <span class='ocrx_word' id='word_1_189' title='bbox 875 2488 1040 2564; x_wconf 84' lang='lat' dir='ltr'><strong>Quae</strong></span> <span class='ocrx_word' id='word_1_190' title='bbox 1078 2497 1329 2549; x_wconf 87' lang='lat' dir='ltr'><strong>mentem</strong></span> <span class='ocrx_word' id='word_1_191' title='bbox 1367 2489 1587 2550; x_wconf 85' lang='lat' dir='ltr'><strong>insania</strong></span> <span class='ocrx_word' id='word_1_192' title='bbox 1629 2486 1851 2551; x_wconf 80' lang='lat' dir='ltr'><strong>traxit?</strong></span> 
     </span>
     <span class='ocr_line' id='line_1_29' title="bbox 337 2571 2336 2637; baseline 0 -2"><span class='ocrx_word' id='word_1_193' title='bbox 337 2574 726 2637; x_wconf 75' lang='lat' dir='ltr'><strong>Tantane-me</strong></span> <span class='ocrx_word' id='word_1_194' title='bbox 763 2583 955 2636; x_wconf 87' lang='lat' dir='ltr'><strong>tantae</strong></span> <span class='ocrx_word' id='word_1_195' title='bbox 993 2582 1236 2634; x_wconf 79' lang='lat' dir='ltr'><strong>tenuere</strong></span> <span class='ocrx_word' id='word_1_196' title='bbox 1282 2573 1498 2634; x_wconf 82' lang='lat' dir='ltr'><strong>oblivia</strong></span> <span class='ocrx_word' id='word_1_197' title='bbox 1545 2571 1766 2635; x_wconf 73' lang='lat' dir='ltr'><strong>curae?</strong></span> <span class='ocrx_word' id='word_1_198' title='bbox 2238 2580 2336 2636; x_wconf 57' lang='lat'><strong>623</strong></span> 
     </span>
     <span class='ocr_line' id='line_1_30' title="bbox 334 2658 1877 2740; baseline -0.001 -19"><span class='ocrx_word' id='word_1_199' title='bbox 334 2660 484 2721; x_wconf 90' lang='lat' dir='ltr'><strong>Dum</strong></span> <span class='ocrx_word' id='word_1_200' title='bbox 527 2661 749 2740; x_wconf 86' lang='lat' dir='ltr'><strong>patrios</strong></span> <span class='ocrx_word' id='word_1_201' title='bbox 794 2677 963 2721; x_wconf 80' lang='lat' dir='ltr'><strong>casus</strong></span> <span class='ocrx_word' id='word_1_202' title='bbox 1008 2658 1315 2738; x_wconf 79' lang='lat' dir='ltr'><strong>famaeque</strong></span> <span class='ocrx_word' id='word_1_203' title='bbox 1362 2676 1575 2718; x_wconf 87' lang='lat' dir='ltr'><strong>exorsa</strong></span> <span class='ocrx_word' id='word_1_204' title='bbox 1618 2667 1877 2720; x_wconf 84' lang='lat' dir='ltr'><strong>retracto</strong></span> 
     </span>
     <span class='ocr_line' id='line_1_31' title="bbox 332 2742 1958 2824; baseline -0.001 -17"><span class='ocrx_word' id='word_1_205' title='bbox 332 2744 659 2807; x_wconf 85' lang='lat' dir='ltr'><strong>Ambitiosa</strong></span> <span class='ocrx_word' id='word_1_206' title='bbox 701 2762 903 2820; x_wconf 87' lang='grc'><strong>13000,</strong></span> <span class='ocrx_word' id='word_1_207' title='bbox 947 2744 1141 2824; x_wconf 79' lang='lat' dir='ltr'><strong>pietas</strong></span> <span class='ocrx_word' id='word_1_208' title='bbox 1181 2744 1332 2804; x_wconf 84' lang='lat' dir='ltr'><strong>haec</strong></span> <span class='ocrx_word' id='word_1_209' title='bbox 1371 2757 1614 2820; x_wconf 81' lang='lat' dir='ltr'><strong>magna,</strong></span> <span class='ocrx_word' id='word_1_210' title='bbox 1660 2742 1958 2823; x_wconf 82' lang='lat' dir='ltr'><strong>fidesque!</strong></span> 
     </span>
     <span class='ocr_line' id='line_1_32' title="bbox 332 2827 1955 2907; baseline -0.002 -17"><span class='ocrx_word' id='word_1_211' title='bbox 332 2827 581 2891; x_wconf 85' lang='lat' dir='ltr'><strong>Exsolvi</strong></span> <span class='ocrx_word' id='word_1_212' title='bbox 620 2828 757 2907; x_wconf 82' lang='lat' dir='ltr'><strong>tibi,</strong></span> <span class='ocrx_word' id='word_1_213' title='bbox 802 2828 1055 2904; x_wconf 80' lang='lat' dir='ltr'><strong>Lemne,</strong></span> <span class='ocrx_word' id='word_1_214' title='bbox 1100 2829 1302 2897; x_wconf 75' lang='lat' dir='ltr'><strong>nefas3</strong></span> <span class='ocrx_word' id='word_1_215' title='bbox 1349 2827 1447 2889; x_wconf 90' lang='lat' dir='ltr'><strong>ubi</strong></span> <span class='ocrx_word' id='word_1_216' title='bbox 1488 2827 1692 2889; x_wconf 72' lang='lat' dir='ltr'><strong>letifer</strong></span> <span class='ocrx_word' id='word_1_217' title='bbox 1729 2830 1955 2906; x_wconf 79' lang='lat' dir='ltr'><strong>anguis,</strong></span> 
     </span>
     <span class='ocr_line' id='line_1_33' title="bbox 334 2912 2015 2993; baseline -0.002 -18"><span class='ocrx_word' id='word_1_218' title='bbox 334 2913 548 2992; x_wconf 77' lang='lat' dir='ltr'><strong>Ferte,</strong></span> <span class='ocrx_word' id='word_1_219' title='bbox 594 2913 808 2991; x_wconf 85' lang='lat' dir='ltr'><strong>duces,</strong></span> <span class='ocrx_word' id='word_1_220' title='bbox 848 2914 1039 2973; x_wconf 83' lang='lat' dir='ltr'><strong>meriti</strong></span> <span class='ocrx_word' id='word_1_221' title='bbox 1082 2931 1132 2973; x_wconf 89' lang='lat' dir='ltr'><strong>s1</strong></span> <span class='ocrx_word' id='word_1_222' title='bbox 1170 2931 1286 2993; x_wconf 87' lang='lat' dir='ltr'><strong>qua</strong></span> <span class='ocrx_word' id='word_1_223' title='bbox 1330 2921 1422 2974; x_wconf 84' lang='lat' dir='ltr'><strong>est</strong></span> <span class='ocrx_word' id='word_1_224' title='bbox 1463 2913 1629 2974; x_wconf 85' lang='lat' dir='ltr'><strong>mihi</strong></span> <span class='ocrx_word' id='word_1_225' title='bbox 1624 2915 1825 2991; x_wconf 75' lang='lat' dir='ltr'><strong>gratia</strong></span> <span class='ocrx_word' id='word_1_226' title='bbox 1869 2912 2015 2988; x_wconf 81' lang='lat' dir='ltr'><strong>duri,</strong></span> 
     </span>
     <span class='ocr_line' id='line_1_34' title="bbox 334 2997 2334 3098; baseline 0.001 -38"><span class='ocrx_word' id='word_1_227' title='bbox 334 3000 399 3060; x_wconf 92' lang='lat' dir='ltr'><strong>Si</strong></span> <span class='ocrx_word' id='word_1_228' title='bbox 444 3001 573 3079; x_wconf 88' lang='lat' dir='ltr'><strong>quis</strong></span> <span class='ocrx_word' id='word_1_229' title='bbox 609 2998 798 3059; x_wconf 91' lang='lat' dir='ltr'><strong>honos</strong></span> <span class='ocrx_word' id='word_1_230' title='bbox 840 2997 1041 3077; x_wconf 82' lang='lat' dir='ltr'><strong>dietis,</strong></span> <span class='ocrx_word' id='word_1_231' title='bbox 1091 3007 1188 3059; x_wconf 82' lang='lat' dir='ltr'><strong>aut</strong></span> <span class='ocrx_word' id='word_1_232' title='bbox 1222 3015 1333 3058; x_wconf 82' lang='lat' dir='ltr'><strong>vos</strong></span> <span class='ocrx_word' id='word_1_233' title='bbox 1374 2999 1697 3098; x_wconf 72' lang='lat' dir='ltr'><strong>extinguite</strong></span> <span class='ocrx_word' id='word_1_234' title='bbox 1735 2998 1920 3075; x_wconf 82' lang='lat' dir='ltr'><strong>ferro,</strong></span> <span class='ocrx_word' id='word_1_235' title='bbox 2232 3003 2334 3062; x_wconf 75' lang='lat'><strong>6³0</strong></span> 
     </span>
     <span class='ocr_line' id='line_1_35' title="bbox 331 3082 1906 3161; baseline -0.001 -16"><span class='ocrx_word' id='word_1_236' title='bbox 331 3082 424 3145; x_wconf 90' lang='lat' dir='ltr'><strong>Ne</strong></span> <span class='ocrx_word' id='word_1_237' title='bbox 467 3085 663 3145; x_wconf 86' lang='lat' dir='ltr'><strong>tristes</strong></span> <span class='ocrx_word' id='word_1_238' title='bbox 709 3083 974 3146; x_wconf 79' lang='lat' dir='ltr'><strong>domines</strong></span> <span class='ocrx_word' id='word_1_239' title='bbox 1019 3082 1338 3161; x_wconf 82' lang='lat' dir='ltr'><strong>orbamque</strong></span> <span class='ocrx_word' id='word_1_240' title='bbox 1383 3083 1612 3144; x_wconf 86' lang='lat' dir='ltr'><strong>inimica</strong></span> <span class='ocrx_word' id='word_1_241' title='bbox 1652 3085 1906 3143; x_wconf 77' lang='lat' dir='ltr'><strong>revisam</strong></span> 
     </span>
     <span class='ocr_line' id='line_1_36' title="bbox 332 3167 2059 3247; baseline -0.002 -18"><span class='ocrx_word' id='word_1_242' title='bbox 332 3167 703 3245; x_wconf 75' lang='lat' dir='ltr'><strong>Eurydicen,</strong></span> <span class='ocrx_word' id='word_1_243' title='bbox 751 3185 1093 3247; x_wconf 84' lang='lat' dir='ltr'><strong>quamquam</strong></span> <span class='ocrx_word' id='word_1_244' title='bbox 1131 3167 1283 3228; x_wconf 83' lang='lat' dir='ltr'><strong>haud</strong></span> <span class='ocrx_word' id='word_1_245' title='bbox 1324 3167 1411 3227; x_wconf 85' lang='lat' dir='ltr'><strong>illi</strong></span> <span class='ocrx_word' id='word_1_246' title='bbox 1451 3185 1581 3228; x_wconf 86' lang='lat' dir='ltr'><strong>mea</strong></span> <span class='ocrx_word' id='word_1_247' title='bbox 1625 3186 1763 3228; x_wconf 89' lang='lat' dir='ltr'><strong>cura</strong></span> <span class='ocrx_word' id='word_1_248' title='bbox 1792 3167 2059 3228; x_wconf 63' lang='lat' dir='ltr'><strong>‘dolendo</strong></span> 
     </span>
     <span class='ocr_line' id='line_1_37' title="bbox 335 3251 1961 3313; baseline -0.001 -1"><span class='ocrx_word' id='word_1_249' title='bbox 335 3251 620 3312; x_wconf 87' lang='lat' dir='ltr'><strong>Cesserit.</strong></span> <span class='ocrx_word' id='word_1_250' title='bbox 703 3251 908 3313; x_wconf 83' lang='lat' dir='ltr'><strong>Hocne</strong></span> <span class='ocrx_word' id='word_1_251' title='bbox 950 3252 1150 3311; x_wconf 70' lang='lat' dir='ltr'><strong>ferens</strong></span> <span class='ocrx_word' id='word_1_252' title='bbox 1193 3268 1345 3312; x_wconf 86' lang='lat' dir='ltr'><strong>onus</strong></span> <span class='ocrx_word' id='word_1_253' title='bbox 1384 3251 1720 3313; x_wconf 80' lang='lat' dir='ltr'><strong>iniaetabile</strong></span> <span class='ocrx_word' id='word_1_254' title='bbox 1758 3252 1961 3313; x_wconf 76' lang='lat' dir='ltr'><strong>matris</strong></span> 
     </span>
     <span class='ocr_line' id='line_1_38' title="bbox 321 3332 2182 3414; baseline 0.001 -19"><span class='ocrx_word' id='word_1_255' title='bbox 321 3334 752 3395; x_wconf 52' lang='lat' dir='ltr'><strong>‘Transfundam</strong></span> <span class='ocrx_word' id='word_1_256' title='bbox 794 3332 1063 3412; x_wconf 73' lang='lat' dir='ltr'><strong>gremio?</strong></span> <span class='ocrx_word' id='word_1_257' title='bbox 1106 3352 1258 3412; x_wconf 85' lang='lat' dir='ltr'><strong>quae</strong></span> <span class='ocrx_word' id='word_1_258' title='bbox 1301 3353 1397 3395; x_wconf 89' lang='lat' dir='ltr'><strong>me</strong></span> <span class='ocrx_word' id='word_1_259' title='bbox 1437 3338 1596 3414; x_wconf 85' lang='lat' dir='ltr'><strong>prius</strong></span> <span class='ocrx_word' id='word_1_260' title='bbox 1641 3338 1752 3397; x_wconf 86' lang='lat' dir='ltr'><strong>ima</strong></span> <span class='ocrx_word' id='word_1_261' title='bbox 1794 3335 1905 3397; x_wconf 87' lang='lat' dir='ltr'><strong>sub</strong></span> <span class='ocrx_word' id='word_1_262' title='bbox 1946 3335 2182 3397; x_wconf 76' lang='lat' dir='ltr'><strong>umbras</strong></span> 
     </span>
     <span class='ocr_line' id='line_1_39' title="bbox 323 3416 2328 3499; baseline 0.002 -17"><span class='ocrx_word' id='word_1_263' title='bbox 323 3416 562 3495; x_wconf 70' lang='lat' dir='ltr'><strong>mergat</strong></span> <span class='ocrx_word' id='word_1_264' title='bbox 581 3419 796 3478; x_wconf 78' lang='lat' dir='ltr'><strong>humus</strong></span> <span class='ocrx_word' id='word_1_265' title='bbox 809 3416 865 3477; x_wconf 68' lang='lat'><strong>‘2’</strong></span> <span class='ocrx_word' id='word_1_266' title='bbox 909 3417 1092 3480; x_wconf 83' lang='lat' dir='ltr'><strong>Simul</strong></span> <span class='ocrx_word' id='word_1_267' title='bbox 1109 3417 1262 3479; x_wconf 77' lang='lat' dir='ltr'><strong>baec</strong></span> <span class='ocrx_word' id='word_1_268' title='bbox 1291 3427 1565 3499; x_wconf 67' lang='lat' dir='ltr'><strong>terraque</strong></span> <span class='ocrx_word' id='word_1_269' title='bbox 1596 3430 1654 3482; x_wconf 88' lang='lat' dir='ltr'><strong>et</strong></span> <span class='ocrx_word' id='word_1_270' title='bbox 1678 3422 1959 3499; x_wconf 70' lang='lat' dir='ltr'><strong>smguine</strong></span> <span class='ocrx_word' id='word_1_271' title='bbox 1981 3421 2202 3483; x_wconf 82' lang='lat' dir='ltr'><strong>vultum</strong></span> <span class='ocrx_word' id='word_1_272' title='bbox 2233 3431 2328 3487; x_wconf 77' lang='lat'><strong>635</strong></span> 
     </span>
    </p>
   </div>
   <div class='ocr_carea' id='block_1_3' title="bbox 2464 834 2478 3860">
    <p class='ocr_par' dir='ltr' id='par_1_6' title="bbox 2464 834 2478 3860">
     <span class='ocr_line' id='line_1_40' title="bbox 2464 834 2478 3860; baseline 0 0"><span class='ocrx_word' id='word_1_273' title='bbox 2464 834 2478 3860; x_wconf 95' lang='lat' dir='ltr'><strong> </strong></span> 
     </span>
    </p>
   </div>
  </div>
 </body>
</html>
