2517 3909
862 160 1238 219 SILUARUM
1273 164 1338 222 L.
1373 165 1470 233 IV,
1506 171 1560 220 4.
2148 167 2275 233 109

127 306 337 386 Quem
381 307 505 374 tibi
549 307 925 393 posthabito
974 307 1260 375 studium
1308 313 1409 376 est
1452 311 1729 378 coluisse
1776 312 2099 399 Tonante,

129 398 383 484 Quique
428 401 580 464 tuos
626 397 756 462 alio
804 397 1090 463 subtexit
1131 420 1401 464 munere
1441 399 1652 467 fasces

127 486 221 553 Et
245 487 483 578 spatia
529 485 834 571 antiquae
877 486 1147 552 mandat
1188 509 1504 554 renouare
1547 487 1849 557 Latinae.
2208 507 2276 558 oo

130 569 439 642 Forsitan
484 576 810 641 Ausonias
853 575 982 642 ibis
1028 577 1288 642 frenare
1335 577 1634 643 cohortes

130 665 270 731 Aut
312 665 531 730 Rheni
573 665 853 750 populos
898 667 1013 730 aut
1055 665 1283 751 nigrae
1328 667 1523 733 litora
1568 667 1815 733 Thules

131 754 270 820 Aut
312 754 613 820 Histrum
658 775 919 820 seruare
964 752 1155 820 datur
1197 754 1669 842 metuendaque
1712 761 1944 842 portae

133 844 392 910 Limina
436 841 807 928 Caspiacae.
878 865 1001 909 nec
1045 843 1223 909 enim
1267 844 1392 910 tibi
1440 845 1581 911 sola
1625 847 1917 931 potentis

131 932 307 1019 Eloq
304 932 399 998 uii
443 932 686 997 uirtus:
732 935 888 998 sunt
931 933 1226 998 membra
1272 934 1691 1000 accommoda
1729 935 1921 1002 bellis
2207 951 2276 1002 65
2314 1000 2331 1012 Ι

134 1022 387 1108 Quique
433 1042 698 1108 grauem
740 1020 896 1087 haut
934 1022 1120 1087 tarde
1166 1023 1445 1089 subeant
1486 1023 1753 1090 thoraca
1797 1024 2052 1091 lacerti.

134 1109 262 1177 Seu
309 1131 538 1196 campo
584 1111 781 1196 pedes
825 1112 921 1176 ire
965 1133 1177 1196 parea
1224 1133 1294 1177 es
1341 1111 1606 1214 agmina
1653 1135 1851 1197 supra

129 1199 497 1267 Nutaturus
544 1221 734 1285 ape13
780 1221 895 1265 seu
938 1199 1126 1266 frena
1169 1201 1473 1266 sonantia
1515 1201 1761 1286 flectes,

133 1288 390 1356 Seruiet
434 1310 625 1392 asper
670 1310 892 1374 equus.
961 1310 1082 1355 nos
1126 1288 1306 1355 facta
1350 1290 1560 1356 aliena
1603 1291 1894 1357 canendo

132 1378 487 1465 Uergimur
528 1377 600 1443 in
647 1379 925 1450 senium:
970 1379 1252 1463 propriis
1297 1381 1371 1444 tu
1415 1379 1685 1465 pulcher
1728 1381 1795 1445 in
1846 1381 2049 1447 armis
2211 1397 2278 1447 70

131 1468 287 1553 Ipse
334 1467 625 1533 canenda
669 1488 855 1554 geres
900 1488 1230 1553 paruoque
1277 1469 1572 1554 exempla
1615 1470 1879 1554 parabis

132 1556 381 1643 Magna
408 1555 630 1641 Getae,
677 1555 912 1641 dignos
959 1578 1150 1642 quem
1193 1558 1328 1623 iam
1372 1579 1545 1624 nunc
1591 1558 1863 1644 belliger
1906 1561 2089 1625 actus

131 1646 358 1713 Poscit
402 1667 564 1711 auus
607 1649 983 1731 perstatque
1027 1645 1206 1711 domi
1248 1646 1513 1713 nouisse
1557 1646 1944 1732 triumphos.

135 1732 367 1822 Surge,
412 1734 708 1821 agedum,
752 1735 1196 1821 iuuenemque,
1237 1757 1419 1821 puer,
1461 1736 1783 1822 deprende
1829 1739 2181 1822 parentem,

136 1822 498 1891 Stemmate
539 1828 831 1890 materno
875 1824 1050 1908 felix,
1094 1824 1336 1890 uirtute
1379 1829 1667 1909 paterna.
2215 1839 2280 1890 ‘15

134 1913 279 1979 Iam
322 1917 390 1978 te
434 1913 677 1977 blanda
724 1913 871 1979 sinu
915 1912 1116 1998 Tyrio
1165 1914 1292 1979 sibi
1336 1915 1514 1979 curia
1556 1914 1714 1979 felix

133 2001 397 2069 Educat
439 2005 509 2067 et
553 2005 818 2067 cunctas
865 2002 1106 2088 gaudet
1151 2003 1464 2087 spondere
1510 2004 1783 2069 curules.

137 2091 324 2158 Haec
369 2111 492 2177 ego
540 2088 928 2156 Chalcidicis
976 2091 1060 2156 ad
1104 2094 1189 2174 te,
1217 2091 1556 2178 Marcelle,
1599 2094 1921 2159 sonabam

136 2179 493 2266 Litoribus,
537 2179 779 2245 fractas
825 2180 939 2246 ubi
984 2178 1266 2246 Uesuius
1314 2182 1521 2267 egerit
1563 2182 1713 2266 iras,

137 2269 421 2336 Aemula
464 2269 817 2336 Trinacriis
862 2269 1132 2335 uoluens
1176 2271 1478 2335 incendia
1521 2271 1817 2337 flammis,
2213 2285 2282 2336 80

136 2357 311 2425 Mira
354 2358 544 2424 fides!
618 2357 919 2424 credetne
965 2360 1179 2424 uirum
1224 2363 1501 2425 uentura
1545 2380 1855 2446 propagO,

138 2446 306 2515 Cum
352 2450 606 2534 segetes
652 2448 906 2528 iterum,
951 2470 1100 2513 cum
1143 2448 1278 2513 iam
1322 2448 1482 2513 haec
1529 2449 1784 2515 deserta
1828 2448 2152 2532 uirebunt,

137 2537 323 2602 Infra
365 2538 563 2602 urbes
605 2537 1009 2623 populosque
1052 2537 1264 2622 premi
1306 2539 1733 2623 proauitaque
1777 2541 1922 2603 tuto

137 2625 319 2692 Rura
366 2626 606 2692 abiisse
647 2626 859 2691 mari?
931 2626 1207 2692 necdum
1250 2626 1445 2694 letale
1490 2626 1727 2692 minari

259 2923 353 2983 ’60
391 2925 660 2996 antiquae
695 2926 886 2980 Dom..·
922 2925 1186 2996 obliquae
1223 2931 1258 2979 ο
1287 2944 1321 2980 ο.
1346 2927 1367 2995 11
1394 2931 1461 2981 62
1498 2924 1668 2980 thiles
1697 2930 1732 2978 c
1760 2924 1888 2982 tiles
1916 2944 1950 2980 a
1975 2929 1995 2996 11
2023 2932 2092 2982 63
2120 2925 2290 2980 datur

146 2999 446 3066 Imhofius:
481 2998 769 3053 datusac
796 2997 946 3053 latus
975 2998 1138 3053 Dom.
1165 3000 1282 3067 1166
1319 2998 1460 3053 haut
1493 2997 1796 3052 Barthius:
1831 3014 1933 3053 om.
1971 3003 2007 3050 c
2044 3014 2078 3050 a
2112 2996 2292 3052 ualidi

145 3070 357 3125 Markl.
396 3069 639 3125 subeant
680 3071 803 3125 arte
843 3070 907 3124 O.
947 3069 1255 3124 Muellerus
1294 3071 1315 3138 11
1359 3069 1427 3124 68
1465 3068 1660 3123 flectas
1696 3069 1967 3125 Heinsius
2000 3069 2023 3138 ῃ
2060 3074 2127 3123 71
2166 3069 2290 3138 Ipse

142 3143 291 3197 edd..-
324 3142 523 3211 Ipsae
550 3159 589 3194 a
632 3141 644 3213 1
689 3157 978 3210 paruaque
1006 3147 1043 3192 c
1079 3158 1138 3208 a,
1174 3156 1315 3195 corr.
1355 3139 1782 3210 §.patriaeque
1817 3141 1978 3196 Dona
2007 3142 2027 3208 11
2056 3145 2122 3195 72
2161 3142 2291 3211 gete

143 3217 178 3265 (2
220 3215 356 3285 gete
408 3229 468 3266 ο..
513 3221 674 3283 geres
708 3214 878 3282 mlqo
908 3211 918 3283 1
959 3211 1267 3283 dignosque
1305 3211 1624 3267 etiamnunc
1660 3213 1830 3280 uwlyo
1873 3214 1894 3281 11
1940 3217 2006 3266 ‘13
2044 3227 2183 3266 auus
2218 3214 2289 3266 A:

142 3300 280 3340 auos
326 3290 365 3337 ο
423 3286 432 3353 1
488 3286 855 3366 praestatque
900 3290 937 3335 c
973 3301 1022 3352 a,
1072 3299 1211 3339 corr.
1253 3284 1604 3353 Peyrarcdus
1661 3284 1681 3351 11
1742 3289 1808 3337 76
1847 3281 2003 3337 curia
2050 3282 2286 3337 Markl..

142 3354 326 3425 gloria
373 3361 410 3407 c
448 3372 482 3408 a
524 3358 544 3425 11
590 3362 656 3412 79
705 3372 776 3425 eg
777 3354 885 3410 erit
927 3356 1246 3411 Amantius:
1298 3354 1481 3424 eriget
1524 3360 1559 3407 c
1607 3372 1641 3408 a
1685 3353 1855 3424 erigit
1901 3358 1936 3409 ς
1982 3356 2002 3423 11
2047 3358 2116 3408 83
2166 3356 2292 3409 tuto

139 3427 582 3497 scn‘psilmlp
620 3432 763 3483 259:
798 3428 1066 3482 totoca
