2517 3909
871 176 1249 233 sumnum
1284 177 1346 234 L.
1382 176 1482 249 111,
1518 183 1569 232 2.
2217 176 2303 243 73

166 322 537 389 Soluentem
582 344 775 389 uoces
822 325 889 388 et
932 322 1094 388 talia
1139 322 1313 387 dicta
1358 323 1702 388 ferentem:
2197 338 2301 389 165

165 411 396 477 ‘Macte
443 411 681 478 animis
725 411 1083 497 opibusque
1125 433 1309 477 meos
1354 412 1605 478 imitate
1649 412 1925 496 labores,

164 500 281 578 Qui
325 500 575 587 rigidas
619 522 813 587 rupes
859 500 1369 585 infecundaeque
1413 501 1715 585 pudenda

158 588 443 656 Naturae
491 590 747 656 deserta
791 589 1018 656 domas
1066 593 1133 655 et
1175 589 1376 655 uertis
1422 590 1493 655 in
1538 612 1729 660 usum

159 678 390 745 Lustra
434 679 733 744 habitata
773 678 931 746 feris
977 679 1293 763 foedeque
1338 679 1617 744 latentia
1660 680 1914 764 profers

159 766 461 833 Numina.
507 790 676 854 quae
705 768 829 833 tibi
864 789 1042 833 nunc
1075 768 1458 834 meritorum
1493 768 1783 853 praemia
1821 768 2112 835 soluam?
2196 784 2303 835 170

164 857 334 934 Quas
381 856 659 923 referam
705 856 971 943 grates?
1031 855 1384 923 Parcarum
1429 857 1539 924 fila
1582 857 1818 925 tenebo

161 945 650 1033 Extendamque
669 997 674 1002 .
694 946 875 1012 colus
921 946 1178 1027 (duram
1224 947 1360 1012 scio
1403 946 1663 1014 uincere
1707 944 2033 1032 mortem),

156 1034 471 1101 Auertam
514 1035 728 1101 luctus
766 1038 833 1101 et
876 1035 1096 1100 tristia
1140 1035 1382 1101 damna
1426 1035 1666 1104 uetabo

158 1123 372 1209 Teque
417 1124 583 1189 nihil
626 1125 877 1189 laesum
922 1124 1118 1189 uiridi
1162 1124 1494 1191 renouabo
1541 1129 1803 1194 senecta

155 1210 641 1299 Concedamque
687 1212 796 1278 diu
842 1212 1112 1279 iuuenes
1159 1216 1453 1298 spectare
1497 1218 1786 1298 nepotes,
2193 1229 2299 1279 175

154 1300 378 1367 Donec
424 1306 492 1366 et
535 1302 644 1368 hic
689 1321 972 1387 sponsae
1016 1306 1312 1367 maturus
1358 1306 1426 1367 et
1468 1303 1586 1368 illa
1628 1303 1892 1389 marito,

152 1389 399 1456 Rursus
447 1394 513 1455 et
556 1413 635 1457 ex
679 1391 813 1457 illis
861 1391 1122 1457 soboles
1164 1413 1342 1460 noua
1386 1413 1670 1478 grexque
1716 1396 2058 1478 proteruus

151 1478 344 1546 Nunc
389 1479 676 1546 humeris
720 1479 1005 1564 inreptet
1051 1481 1160 1545 aui
1204 1503 1384 1546 nunc
1428 1482 1688 1567 agmine
1734 1482 1978 1549 blando

153 1566 470 1634 Certatim
514 1568 805 1654 placidae
850 1573 1195 1635 concurrat
1238 1570 1321 1638 ad
1368 1571 1589 1637 oscula
1629 1569 1871 1637 Pollae.

149 1656 321 1723 Nam
364 1658 631 1743 templis
674 1679 1031 1743 numquam
1078 1662 1401 1725 staffletur
1443 1660 1759 1726 terminus
1806 1659 1969 1745 aeui,
2194 1674 2299 1727 180

148 1745 321 1812 Dum
368 1769 475 1812 me
519 1747 906 1833 flammigeri
950 1748 1244 1833 portabit
1288 1748 1590 1817 machina
1635 1749 1815 1815 caeli.

147 1834 211 1901 N
212 1857 286 1901 ec
331 1835 496 1901 mihi
537 1837 685 1922 plus
728 1834 973 1903 Nemee
1018 1838 1429 1923 priscumque
1488 1837 1893 1904 habitabitur
1937 1837 2151 1922 Argos

147 1924 285 1991 Nec
331 1924 626 1991 Tiburna
668 1926 899 1994 domus
946 1926 1231 2011 solisque
1278 1926 1521 1992 cubilia
1569 1925 1824 1994 Gades?

149 2011 255 2080 Sic
299 2015 429 2100 ait3
477 2018 543 2081 et
584 2018 867 2102 tangens
914 2019 1292 2102 surgentem
1341 2016 1658 2085 altaribus
1702 2016 1925 2102 ignem

146 2102 568 2190 Populeaque
611 2125 881 2171 mouens
929 2104 1215 2170 albentia
1259 2108 1558 2189 tempora
1602 2105 1773 2171 silua
2193 2122 2299 2173 185

144 2191 236 2257 Et
280 2191 492 2279 Styga
536 2197 603 2260 et
648 2192 935 2262 aetherei
978 2194 1222 2259 iurauit
1265 2194 1545 2262 fulmina
1588 2194 1815 2278 patris,

1175 2440 1262 2509 Π.

639 2598 1217 2656 PROPEMPTICON
1254 2599 1488 2656 METIO
1527 2598 1804 2655 CELERI.

33 2695 34 2698 ¹
144 2708 246 2796 Di,
294 2710 532 2796 quibus
578 2710 851 2777 audaces
898 2733 1083 2778 amor
1128 2713 1230 2775 est
1275 2731 1534 2775 seruare
1581 2710 1832 2777 carinas

147 2796 489 2884 Saeuaque
534 2799 791 2866 uentosi
835 2800 1113 2868 mulcere
1159 2799 1448 2884 pericula
1492 2800 1697 2885 ponti,

146 2885 434 2954 Sternite
480 2888 677 2954 molle
721 2889 960 2954 fretum
1005 2888 1459 2975 placidumque
1507 2889 1828 2956 aduertite
1875 2890 2049 2956 uotis

145 2974 533 3062 Concilium,
579 2980 645 3041 et
687 2977 854 3042 lenis
897 2999 1034 3043 non
1081 2979 1421 3062 obstrepat
1463 2979 1642 3045 unda
1684 2979 2012 3064 precanti:

144 3064 432 3138 ‘Grande
474 3069 592 3131 tuo
636 3087 979 3151 rarumque
1026 3066 1273 3153 damus,
1316 3065 1640 3153 Neptune,
1685 3069 2008 3153 profundo
2262 3086 2295 3134 ὅ

286 3317 395 3368 165
436 3313 716 3368 serentem
752 3311 1024 3370 Heinsius
1049 3315 1073 3384 u
1099 3320 1197 3369 171
1237 3316 1446 3371 renebo
1482 3314 1801 3385 Heinsiusu
1840 3318 1940 3370 182
1978 3315 2294 3385 priscumne

143 3383 361 3512 Μα’.1101ιῖ
395 3460 430 3510 3
470 3453 747 3511 aduertite
785 3460 831 3509 Δ
870 3461 932 3512 ⁴3:
971 3429 1288 3522 auertitec
1314 3459 1395 3527 114
1431 3457 1574 3514 lenis
1611 3463 1689 3511 A:
1731 3455 1873 3511 leuis
1911 3460 1946 3508 c
