2517 3909
977 746 1474 828 PRAEFATIO.

1101 949 1347 958 —-—-—-.—

377 1047 718 1150 Thebaidos
744 1088 1027 1148 Statianae
1054 1093 1362 1163 permultos
1384 1097 1574 1148 extare
1605 1090 1835 1148 codices
1871 1096 2106 1148 constat.
2152 1093 2216 1148 In

241 1176 582 1233 bibliotheca
603 1176 906 1231 Parisiensi
935 1176 1371 1247 quatuordecim
1391 1171 1676 1233 asservari
1701 1176 1958 1232 dicuntur
1979 1178 2102 1234 eius
2127 1195 2218 1233 co-

243 1261 406 1318 dices
425 1261 517 1317 his
540 1261 786 1316 numeris
823 1261 1055 1332 signati:
1093 1264 1232 1320 7936
1267 1263 1494 1320 saeculo
1515 1261 1667 1318 XIV.
1699 1262 1922 1333 script.,
1953 1268 2013 1318 ut
2043 1262 2214 1320 Hasio

243 1346 501 1413 videtur,
535 1350 672 1404 8051
700 1362 851 1400 saec.
876 1345 968 1413 X.,
1002 1336 1145 1404 8052
1174 1363 1330 1404 saec.
1350 1346 1487 1414 XII„
1517 1350 1663 1405 8053
1691 1362 1841 1403 saec.
1865 1346 2034 1417 xm„
2054 1352 2212 1416 8054,

242 1436 403 1500 8055,
429 1434 589 1497 8056,
610 1431 767 1500 8057,
789 1434 948 1500 8058,
978 1435 1137 1499 8059,
1166 1436 1325 1500 8060,
1351 1435 1508 1499 8280,
1544 1434 1702 1501 8468,
1732 1447 1927 1486 omnes
1960 1432 2020 1488 hi
2056 1448 2218 1495 saec.

242 1515 408 1585 XIII„
434 1519 573 1575 8061
593 1530 742 1570 saec.
770 1514 920 1570 XIV.
978 1514 1061 1570 Ne
1084 1516 1322 1572 aliorum
1354 1516 1612 1574 codicum
1647 1516 1874 1572 nomina·
1897 1516 2213 1587 exhibeam,

241 1629 328 1641 —-
353 1601 410 1654 in
440 1599 628 1655 indice
650 1602 722 1656 ab
740 1599 960 1656 Handio
984 1601 1242 1658 confecto
1265 1602 1619 1672 septuaginta
1648 1605 1861 1672 septem
1885 1601 2052 1657 codd.
2070 1601 2214 1660 The-

243 1685 444 1741 baidos
470 1690 827 1741 enumeratos
854 1685 1113 1755 invenio,
1140 1711 1234 1740 --,
1257 1699 1359 1742 eos
1392 1684 1575 1741 modo
1596 1687 1842 1741 breviter
1873 1688 2214 1757 memorabo,

243 1772 445 1840 quibus
473 1770 598 1841 ipse
629 1786 769 1828 usus
800 1786 944 1825 sum.

418 1854 560 1911 Sunt
593 1855 744 1908 enim
780 1854 936 1927 apud
963 1869 1052 1908 me
1090 1859 1327 1925 quatuor
1365 1853 1543 1908 Paris.
1581 1851 1748 1908 codd.
1788 1855 2114 1912 collationes
2140 1857 2210 1910 ab

246 1939 417 1995 Hasio
452 1944 711 1996 accurate
746 1944 802 1995 et
838 1938 1163 2010 plenissime
1203 1938 1429 2003 factae„
1468 1936 1599 1992 cod.
1629 1942 1800 2007 8051,
1841 1943 2008 2006 8052,
2056 1941 2214 2007 8053,

241 2029 399 2093 8055,
422 2024 588 2078 etiam
610 2023 738 2078 cod.
769 2027 910 2082 8054
941 2024 1161 2079 collatio
1193 2023 1268 2079 ad
1305 2029 1420 2078 tres
1454 2022 1674 2093 priores
1705 2023 1879 2078 libros
1909 2024 2212 2094 pertinens,

240 2109 326 2163 De
358 2107 486 2164 cod.
521 2113 692 2177 8051,
732 2108 863 2163 olim
902 2111 1148 2164 Puteano
1184 2109 1392 2176 (Pub),
1439 2106 1571 2163 vide
1610 2123 1753 2179 quac
1784 2106 1865 2163 ad
1893 2106 2214 2172 Achilleida

241 2199 377 2248 tom.
412 2194 602 2265 priore
635 2192 784 2249 dicta
818 2198 972 2255 sunt;
1015 2193 1261 2248 omnium
1296 2193 1519 2250 videtur
1545 2191 1715 2248 Hasio
1753 2192 2209 2249 accuratissimus

242 2285 298 2334 et
319 2278 695 2341 certissimus;
742 2277 891 2333 idem
925 2283 1013 2335 est
1046 2277 1167 2333 sine
1198 2277 1398 2346 dubio,
1434 2293 1600 2350 quem
1629 2277 2077 2349 Lindenbrogius
2102 2278 2213 2332 iam

240 2364 493 2418 contulit.
539 2362 601 2416 In
634 2361 745 2417 fine
769 2362 894 2418 libri
923 2363 1101 2433 quarti
1130 2363 1400 2434 scriptum
1426 2369 1540 2419 est:
1583 2361 1821 2418 CODEX
1851 2361 2117 2418 IULIANI
2137 2363 2207 2416 V.

244 2449 307 2505 C.
346 2448 481 2516 (viri
514 2448 811 2504 clarissimi
846 2464 917 2502 an
948 2448 1261 2503 consularis
1279 2444 1365 2516 ἲ),
1403 2447 1552 2502 unde
1588 2447 1776 2519 colligi
1812 2451 2027 2518 potest,
2059 2447 2210 2503 hunc

238 2535 443 2589 librum
457 2532 769 2589 Parisinum
792 2534 860 2588 ab
884 2532 1271 2604 antiquissimo
1296 2531 1601 2605 archetypo
1618 2532 2043 2603 transscriptum
2059 2549 2209 2587 esse.

241 2620 379 2674 Post
409 2617 559 2673 hunc
593 2618 834 2689 optimus
868 2616 1085 2673 videtur
1116 2615 1242 2674 cod.
1277 2621 1420 2675 8055
1457 2617 1683 2672 membr.
1706 2616 1837 2671 olim
1863 2615 2209 2672 colbertinus

243 2702 495 2770 (Colb.),
524 2708 747 2773 praeter
781 2701 1071 2757 Thebaida
1105 2701 1395 2758 contiuens
1426 2701 1602 2757 Persii
1635 2700 1835 2757 satIras
1871 2706 1926 2756 et
1955 2700 2210 2759 Senecae

241 2786 603 2858 tragoediam
637 2792 894 2844 accurate
922 2793 978 2842 et
1008 2787 1343 2843 nitidissime
1370 2786 1620 2858 ⁴scriptus
1655 2801 1811 2844 sacc-
1835 2785 1980 2841 XIII.
2029 2785 2207 2842 Codd.

242 2875 387 2930 8052
424 2873 492 2939 (P
518 2873 584 2938 οι)
617 2873 856 2927 membr.
907 2888 1022 2928 una
1058 2871 1374 2928 Achilleida
1415 2869 1822 2943 complectenti,
1869 2874 2011 2931 8053
2046 2873 2113 2939 (P
2144 2867 2210 2945 β)

242 2957 481 3011 membr.
505 2956 638 3011 olim
663 2955 1016 3014 colbertinus
1045 2963 1098 3012 et
1118 2962 1259 3016 8054
1279 2959 1346 3026 (Ρ
1358 2958 1423 3031 y)
1445 2956 1679 3011 minoris
1704 2955 1869 3027 pretii
1895 2961 2039 3011 sunt.

413 3043 714 3097 Praeterea
746 3057 902 3096 usus·
926 3057 1049 3097 sum
1084 3041 1283 3098 codice
1314 3040 1745 3112 Vratislaviensi
1782 3056 1856 3095 ex
1879 3039 2215 3096 bibliotheca

242 3125 663 3198 Rhedigerana„
692 3126 897 3197 scripto
924 3141 1074 3190 saec.
1090 3125 1259 3196 XIV.‚
1284 3141 1447 3197 quem
1466 3125 1667 3181 Thom.
1690 3124 1976 3197 Rhediger
2001 3125 2122 3195 ipse
2157 3124 2214 3178 in

244 3211 406 3266 Italia
440 3227 475 3264 a
498 3212 690 3279 Petro,
724 3211 1041 3267 Florentino
1071 3211 1406 3282 bibliopola,
1440 3210 1599 3279 emit3
1639 3226 1810 3282 porro
1842 3209 2020 3265 tribus
2041 3207 2212 3266 codd.

248 3294 539 3352 Gudeanis
572 3298 799 3351 membr.
835 3299 1043 3364 (522--2
1078 3296 1204 3364 Ga,
1251 3300 1322 3356 54
1348 3315 1435 3343 =
1463 3296 1507 3351 G
1519 3292 1587 3369 β,
1625 3299 1730 3355 146
1751 3317 1839 3346 =
1870 3293 2027 3368 Gy),¹
2068 3308 2211 3365 quos

246 3380 489 3436 Lenzius
528 3397 653 3437 cum
685 3378 983 3452 Bipontina
1025 3381 1284 3449 contulit3
1333 3380 1768 3451 Guelferbytano
1800 3377 1996 3447 (ΕΗΖ),
2047 3394 2216 3450 quem

252 3465 562 3523 Passovius
606 3467 857 3530 contulit3
906 3466 949 3521 F
955 3466 1325 3550 reisingensi‚
1358 3465 1457 3540 qui
1487 3466 1544 3520 in
1576 3464 1706 3521 bibl.
1742 3463 2071 3519 Monacensi
2108 3467 2215 3530 est,

1717 3562 1798 3619 a*
