2517 3909
394 148 475 209 66
1149 160 1212 207 Ρ.
1258 157 1526 209 PAan
1566 157 1797 209 snm

394 314 579 376 Casus
622 323 680 376 et
720 324 842 376 atra
884 314 1044 392 dies,
1082 311 1236 396 quae
1272 314 1375 377 fati
1404 316 1661 377 exordia
1700 316 1944 394 cunctis,

394 400 561 475 Quae
601 399 767 471 mihi;
814 400 1062 460 consulti
1102 409 1291 462 testor
1334 399 1657 480 penetralia
1697 401 1891 463 mundi

390 484 468 545 Et
508 486 808 546 volucrum
851 485 1057 547 affatus
1096 494 1155 546 et
1194 495 1292 563 te,
1332 485 1732 587 Thymbraee,
1776 489 2009 548 vocanti

390 569 523 630 Non
566 569 709 631 alias
750 579 865 630 tam
902 588 1082 630 saeve
1135 571 1302 651 mihi,
1342 587 1494 650 qnae
1540 572 1706 648 signa
1750 568 1926 631 futuri

389 654 757 725 Pertulerim;
797 655 915 716 vidi
958 655 1205 733 ingentis
1250 664 1520 735 portenta
1556 656 1781 715 ruinae.-
2224 667 2383 728 640

386 739 521 800 Vidi
562 738 852 800 hominum
893 739 1200 820 divumque
1237 738 1406 802 nefas
1437 740 1794 819 hilaremque
1830 738 2189 818 Megaeram,

387 823 464 885 Et
498 824 804 886 Lachesim
847 826 998 904 putri
1034 833 1376 887 vacuantem
1419 825 1659 886 saecula
1704 841 1912 903 penso.

519 907 809 970 Proicite
857 927 1013 970 arma
1054 928 1252 971 manu:
1299 910 1444 971 deus
1486 926 1632 969 ecce
1675 909 1998 970 furentibus
2039 910 2259 988 obstat,

387 994 552 1054 Ecce
597 993 761 1054 deus.
847 993 1046 1055 Miseri
1091 994 1226 1074 qnid
1254 994 1560 1075 pulchrum
1604 994 1884 1071 sanguiue
1922 995 2083 1056 ‘victo

391 1079 635 1139 Aoniam
671 1087 732 1138 et
774 1078 881 1139 diri
920 1088 1182 1140 saturare
1224 1080 1458 1140 novalia
1502 1076 1740 1140 Cadmi?
2285 1090 2383 1147 645

391 1163 511 1224 Sed
550 1163 685 1242 quid
728 1181 874 1223 vana
919 1180 1100 1240 cano,
1147 1164 1285 1244 quid
1326 1164 1477 1224 fixos
1516 1180 1696 1224 arceo
1738 1161 1950 1224 casus?

387 1247 650 1308 Ibimus?
721 1247 829 1309 Hic
873 1265 1086 1327 presso
1129 1250 1349 1326 gemuit
1393 1249 1559 1308 simul
1605 1265 1710 1309 ore
1748 1248 2051 1309 sacerdos.

516 1331 683 1393 Illum
709 1334 930 1413 iterum
975 1330 1315 1412 Capaneus:
1363 1333 1558 1394 ‘Tuus
1602 1351 1640 1393 o
1677 1331 1872 1411 furor,
1921 1334 2137 1414 augur',
2186 1344 2248 1395 et
2288 1339 2380 1397 uni

387 1417 506 1478 Ista
547 1417 680 1500 tibi,
730 1427 790 1477 ut
832 1435 1035 1478 serves
1071 1435 1293 1479 vacuos
1323 1418 1607 1497 inglorius
1648 1418 1865 1496 Argos,

387 1501 467 1562 Et
502 1511 598 1563 tua
641 1519 757 1562 non
796 1520 1064 1582 umquam
1105 1502 1441 1579 Tyrrhenus
1474 1512 1741 1582 tempora
1790 1504 2004 1563 circum
2120 1510 2125 1515 ’
2280 1517 2384 1574 §m

392 1584 651 1664 Clangor
689 1596 802 1647 eat.
890 1587 1041 1662 Quid
1081 1597 1219 1648 vota
1251 1589 1437 1648 virum
1472 1588 1720 1648 meliora
1766 1587 2052 1650 moraris?

390 1672 633 1732 Scilicet
676 1680 739 1731 ut
770 1673 935 1732 vanis
972 1671 1175 1733 avibus
1211 1682 1465 1756 natoque
1509 1673 1803 1752 domoque

388 1755 464 1816 Et
505 1756 770 1817 thalamis
812 1759 1040 1859 potiare
1081 1758 1317 1835 iacens,
1362 1758 1633 1818 sileamus
1670 1755 1834 1817 inulti

389 1840 625 1918 Tydeos
665 1843 893 1920 egregii
930 1840 1262 1921 perfossum
1308 1851 1515 1922 pectus
1556 1852 1614 1903 et
1652 1859 1807 1904 arma

385 1925 671 1987 Foederis
711 1924 977 2006 abrupti?
1018 1926 1225 2006 quodsi
1262 1926 1425 1988 bella
1460 1927 1645 1988 effera
1685 1926 1894 1987 Graios
2283 1940 2380 1993 655

388 2011 572 2072 Ferre
614 2021 816 2088 vetas,
856 2014 875 2071 i
919 2012 1189 2072 Sidonios
1231 2013 1461 2089 legatus
1500 2012 1574 2073 ad
1610 2012 1833 2073 hostes.

387 2096 551 2156 Haec
595 2113 801 2176 pacem
842 2096 945 2156 tibi
989 2105 1146 2157 serta
1189 2096 1435 2157 dabunt:
1477 2105 1574 2157 tua
1615 2113 1856 2177 prorsus
1900 2097 2057 2159 inani

386 2181 584 2241 Verba
628 2181 767 2260 polo
814 2195 1023 2241 causas
1061 2180 1445 2260 abstrusaque
1483 2183 1703 2243 semina
1744 2198 1936 2241 rerum

386 2261 684 2326 Eliciunt?
726 2266 964 2325 miseret
1011 2283 1318 2345 superum,
1361 2268 1410 2326 si
1450 2268 1700 2327 carmina
1746 2283 1923 2326 curae

386 2349 797 2431 Humanaeque
840 2365 1075 2429 preces.
1169 2350 1569 2425 Quidinertia
1611 2357 1854 2431 pectora
1887 2349 2124 2412 terres?
2280 2364 2382 2420 660
2468 2421 2469 2424 ¹

388 2433 608 2494 Primus
652 2435 710 2494 in
753 2434 899 2494 orbe
942 2435 1088 2496 deos
1133 2435 1276 2495 fecit
1316 2431 1517 2512 timor.
1565 2446 1625 2496 et
1666 2435 1768 2497 tibi
1811 2443 1936 2496 tuto

387 2518 555 2579 Nunc
595 2529 688 2580 eat
729 2521 840 2579 iste
877 2518 1058 2580 furor.
1140 2520 1260 2581 Sed
1305 2522 1485 2599 prima
1525 2520 1597 2581 ad
1638 2520 1887 2581 classica
1931 2538 2104 2599 quum
2142 2523 2258 2584 iam

387 2602 671 2664 Hostilem
713 2603 984 2665 Ismenon
1021 2605 1211 2683 galeis
1253 2602 1591 2684 Dircenque
1634 2605 1922 2682 bibemus,

386 2687 477 2748 Ne
516 2688 650 2749 mihi
694 2698 862 2765 tunc,
910 2706 1154 2766 moneo,
1200 2690 1376 2751 lituos
1421 2698 1596 2768 atque
1641 2708 1796 2751 arma
1839 2689 2080 2769 volenti,

387 2771 606 2833 Obvius
649 2775 734 2834 ire
775 2789 953 2854 pares
987 2775 1296 2854 ventisque
1340 2782 1435 2835 aut
1472 2775 1609 2835 alite
1650 2777 1776 2835 visa
2280 2785 2378 2844 665
2466 2825 2467 2834 ,

382 2857 675 2918 Bellorum
715 2859 987 2939 proferre
1022 2859 1193 2920 diem.
1275 2853 1487 2919 Procul
1522 2859 1671 2920 haec
1713 2859 1817 2922 tibi
1859 2860 2050 2922 mollis

380 2941 568 3004 Infula
610 2944 966 3023 terrificique
1011 2942 1197 3005 aberit
1236 2943 1524 3005 dementia
1561 2943 1800 3006 Phoebi.

380 3025 513 3087 Illic
558 3047 741 3106 augur
784 3044 899 3106 ego
944 3037 1002 3088 et
1043 3045 1270 3088 mecum
1317 3030 1663 3108 quicumque
1700 3031 1893 3109 parati

381 3111 639 3173 Insanire
677 3117 893 3172 manu)
974 3112 1197 3172 Rursus
1238 3112 1444 3191 fragor
1484 3113 1704 3174 intonat
1742 3116 1955 3192 iugens

379 3196 718 3258 Hortantum
765 3206 825 3257 et
865 3207 1031 3258 vasto
1073 3196 1478 3259 subter'volat
1521 3208 1675 3260 astra
1717 3199 1976 3260 tumultu.
2146 3243 2153 3250 .
2282 3205 2377 3266 670

381 3280 460 3340 Ut
501 3282 735 3361 rapidus
778 3290 1044 3360 torrens,
1087 3282 1307 3343 animos
1353 3284 1446 3342 cui
1488 3299 1670 3345 verna
1712 3284 2033 3344 ministrant

381 3363 638 3427 Flamina
682 3375 743 3425 et
785 3368 942 3427 exuti
984 3376 1261 3428 concreto
1301 3366 1527 3445 frigore
1566 3369 1789 3446 colles‚·

381 3447 568 3523 Quum
601 3468 786 3530 vagus
822 3452 880 3511 in
922 3467 1162 3531 campos
1202 3451 1415 3518 frustra
1456 3452 1901 3534 prohibentibus
1942 3453 2064 3513 exit
