2517 3909
358 122 477 182 154
1007 132 1071 180 Ρ.
1118 131 1385 181 Parnm
1428 130 1663 181 sum

351 289 578 368 Nempe
620 289 824 349 iterum
864 284 1159 349 reddes?'
1209 286 1433 348 Rursus
1468 297 1683 351 mutata
1723 289 2022 352 trahuntur

353 375 597 452 Agmina
635 374 929 449 consiliis,
971 372 1164 433 subito
1207 390 1319 433 ceu
1360 373 1586 435 turbine
1632 373 1789 434 coeli
2241 382 2348 439 56⁹

353 457 574 520 Obvius
614 457 921 520 adversum
962 457 1189 518 Boreae
1231 456 1419 518 Notus
1457 457 1693 519 abstulit
1735 476 1977 538 aequor.

481 545 656 604 Arma
698 544 904 603 iterum
945 542 1247 622 furiaeque
1292 541 1552 620 placent;
1605 543 1733 605 fera
1768 551 1998 624 tempus
2036 544 2253 622 Erinys

352 628 575 706 Arripit
618 636 677 688 et
721 629 940 707 primae
978 626 1208 687 molitur
1246 627 1464 688 semina
1508 646 1757 706 pugnae.

479 712 765 774 Errabant
799 712 1068 790 geminae
1110 710 1364 772 Dircaea
1404 711 1476 773 ad
1515 712 1742 773 flumina
1778 714 1997 791 tigres,
2470 775 2471 780 ,

352 796 492 859 Mite
534 799 758 875 iugum,
798 797 941 857 belli
986 796 1274 875 quondam
1318 804 1580 857 vastator
1614 795 1726 857 Eoi
2243 808 2347 862 565

354 880 606 959 Currus,
650 881 989 957 Erythraeis
1035 898 1180 960 quas
1213 898 1401 959 nuper
1441 882 1632 942 victor
1668 881 1741 943 ab
1786 884 1908 943 oris

349 966 523 1029 Liber
559 968 616 1027 in
660 966 885 1027 Aonios
925 967 1161 1027 meritas
1204 966 1500 1027 dimiserat
1544 983 1739 1044 agros.

350 1050 490 1113 Illas
529 1050 697 1112 turba
733 1051 827 1112 dei
864 1051 1178 1131 seniorque
1223 1068 1302 1111 ex
1341 1067 1505 1111 more
1547 1041 1827 1111 sacerdos

354 1137 661 1214 Sanguinis
703 1135 915 1196 oblitas
954 1143 1130 1214 atque
1171 1133 1373 1195 Indum
1413 1152 1652 1212 gramen
1690 1135 1919 1196 olentes

352 1220 595 1283 Palmite
639 1228 862 1281 maturo
900 1222 1196 1298 variisque
1239 1236 1450 1280 ornare
1496 1219 1787 1296 corymbis
2247 1229 2352 1285 570

356 1304 568 1381 Curat,
618 1313 679 1365 et
718 1304 948 1365 alterno
988 1304 1246 1365 maculas
1291 1303 1586 1382 interligat
1629 1313 1811 1365 ostro.
2470 1359 2471 1382 χ

353 1389 592 1469 Iamque
635 1390 749 1468 ipsi
791 1389 1011 1465 colles,
1057 1390 1184 1468 ipsa
1226 1387 1334 1449 has
1376 1423 1463 1434 —·
1500 1389 1629 1468 quis
1673 1386 1915 1451 credat?
1959 1422 2043 1437 —·
2086 1390 2353 1453 amabant
2470 1393 2471 1438 ἱ

355 1472 665 1550 Armenta,
716 1482 890 1552 atque
933 1490 1110 1534 ausae
1156 1475 1374 1535 circum
1409 1474 1633 1551 mugire
1677 1475 1981 1535 iuvencae.

355 1557 589 1638 Quippe
624 1558 763 1619 nihil
795 1567 1061 1636 grassata
1105 1557 1326 1637 fames,
1374 1576 1575 1619 manus
1616 1558 1789 1619 obvia
1833 1559 2058 1638 pascit,

356 1642 802 1722 Expectantque
848 1642 1015 1703 cibos
1054 1643 1305 1722 fusoque
1350 1642 1637 1704 horrenda
1678 1646 1942 1722 supinant
2248 1654 2350 1711 575
2470 1721 2471 1728 ἵ

357 1726 474 1789 Ora
514 1744 710 1804 mero,
749 1745 1077 1806 vagarum
1119 1730 1314 1807 quies;
1361 1729 1412 1787 si
1451 1727 1680 1805 quando
1724 1728 1980 1805 benigno

354 1810 573 1874 Urbem
615 1814 798 1873 iniere
839 1812 1059 1890 gradu,
1106 1812 1310 1873 domus
1353 1814 1536 1872 omnis
1579 1821 1638 1873 et
1674 1815 1860 1873 omnia
1895 1813 2083 1873 sacris

358 1896 599 1977 Templa
644 1896 863 1973 calent,
908 1899 1210 1977 ipsumque
1253 1897 1401 1958 fides
1441 1899 1688 1958 intrasse
1724 1896 1995 1973 Lyaeum.

481 1982 601 2043 Has
638 1980 737 2042 ubi
778 1983 1023 2060 vipereo
1066 1989 1252 2042 tactas
1297 1990 1390 2041 ter
1429 1991 1732 2061 utramque
1770 1981 2008 2061 flagello

354 2067 628 2129 Eumenis
671 2069 730 2126 in
771 2066 953 2127 furias
992 2067 1354 2145 animumque
1388 2066 1582 2127 redire
1629 2069 1890 2146 priorem
2249 2079 2352 2133 580

353 2152 598 2232 Inpulit,
640 2160 943 2229 erumpunt
981 2168 1095 2210 nun
1140 2150 1592 2228 agnoscentibus
1636 2151 1850 2230 Argis,

356 2235 481 2298 Ceu
525 2238 637 2299 duo
681 2236 913 2295 diverso
955 2236 1177 2314 pariter
1212 2237 1264 2295 si
1305 2235 1538 2296 fulmina
1582 2235 1757 2298 coelo

356 2321 548 2401 Rupta
590 2320 801 2382 cadant
843 2318 1197 2399 longumque
1238 2320 1466 2381 trahant
1503 2338 1614 2400 per
1653 2321 1850 2382 nubila
1896 2322 2131 2383 crinem.

355 2405 488 2466 Nou
531 2406 702 2467 aliter
745 2423 918 2465 cursu
956 2405 1198 2484 rapidae
1238 2414 1410 2484 atque
1451 2407 1676 2466 inmane
1719 2406 2037 2468 frementes
2462 2427 2465 2478 l

356 2490 706 2551 Transiliunt
748 2507 1016 2569 campos,
1061 2490 1434 2569 aurigamque
1474 2492 1673 2570 inpete
1714 2499 1916 2567 vasto,
2246 2504 2346 2559 585

356 2574 744 2655 Amphiarae,
791 2583 945 2636 tuum
988 2609 1073 2621 -—-
1112 2593 1225 2636 nec
1269 2575 1451 2635 defuit
1492 2592 1695 2653 omen,
1739 2575 1963 2635 heriles

356 2657 537 2721 Forte
582 2661 631 2719 is
676 2660 893 2739 primus
936 2676 1122 2738 equos
1158 2669 1362 2737 stagna
1400 2659 1472 2720 ad
1513 2661 1702 2720 vicina
1738 2659 2036 2736 trahebat,
2084 2696 2172 2708 --·

359 2743 710 2823 Corripiunt.
795 2743 935 2805 Mox
973 2745 1316 2805 Taenarium
1356 2745 1456 2822 qui
1497 2746 1795 2822 proximus
1837 2744 1996 2805 Idam

357 2828 751 2908 Aetolumque
789 2828 1107 2890 Acamanta
1153 2836 1445 2907 premunt;
1490 2827 1631 2906 fuga
1672 2837 1839 2889 torva
1879 2846 1987 2908 per
2023 2846 2205 2908 agros

362 2911 786 2993 Cornipedum,
829 2913 957 2974 visa
992 2915 1182 2976 donec
1226 2913 1543 2973 flammatus
1580 2913 1880 2974 Aconteus
2249 2923 2344 2979 590

358 2999 570 3076 Strage
610 3000 827 3073 virum,
869 2999 962 3057 cui
1008 3006 1171 3058 sueta
1212 2997 1373 3058 feras
1416 3005 1792 3075 prosternere
1835 2998 2054 3076 virtus,

354 3084 544 3144 Arcas
591 3091 742 3158 erat,
799 3081 997 3142 densis
1036 3084 1150 3144 iam
1192 3081 1306 3142 fida
1347 3082 1419 3142 ad
1461 3083 1692 3144 moenia
1731 3100 1938 3143 versas

355 3166 686 3246 Insequitur
721 3165 886 3242 telis,
928 3166 1282 3246 multumque
1321 3167 1535 3227 hastile
1575 3185 1875 3227 resumens

358 3250 477 3311 Ter
518 3259 721 3329 quater
762 3250 1010 3311 adducto
1052 3269 1162 3330 per
1198 3260 1402 3328 terga,
1443 3269 1553 3329 per
1594 3251 1693 3312 ilia
1739 3251 1859 3312 telo

359 3334 682 3411 Transigit:
725 3335 864 3395 illae
908 3344 1095 3395 autem
1137 3334 1317 3411 longo
1361 3353 1491 3395 cum
1534 3335 1712 3396 limite
1751 3336 1868 3396 fusi
2246 3344 2342 3400 595

357 3418 666 3496 Sanguinis
699 3418 772 3480 ad
813 3427 1015 3500 portas
1051 3420 1336 3498 utrimque
1381 3422 1636 3482 extantia
1670 3421 1886 3482 ducunt
