2517 3909
787 138 1186 188 THEBAIDOS
1227 139 1366 187 ΜΒ.
1410 140 1558 187 v111.
2051 128 2168 191 167

312 297 389 357 At
432 314 545 356 non
588 296 882 358 Sidoniam
923 293 1245 356 diversain
1289 303 1455 373 parte
1502 303 1609 374 per
1639 295 1842 357 urbem
1896 303 1903 310 “

177 380 311 442 Nox
356 380 606 450 eadem·
636 382 800 444 vario
841 380 1167 459 producunt
1210 380 1405 442 sidera
1446 380 1582 441 ludo

172 466 328 526 Ante
370 466 574 526 domos
619 468 912 546 intraque,
941 459 1238 544 {psaeque
1279 465 1350 525 ad
1390 465 1616 526 moenia
1657 474 1916 527 marcent
2075 475 2180 530 220

178 549 511 620 Excubiae;
550 552 778 628 gemina
820 568 958 611 aera
1002 559 1210 612 sonant
1250 548 1545 649 Idaeaque
1588 558 1757 627 terga
1840 573 1847 582 ¹
1884 575 1891 584 ·

184 634 256 695 Et
291 636 589 696 moderata
629 653 829 696 sonum
867 635 1026 695 vario
1072 635 1384 714 spiramine
1429 635 1635 694 buxus.
1702 663 1709 668 ·

184 719 343 780 Tunc
387 719 588 780 dulces
631 738 880 819 superes
919 729 1092 799 atque
1138 737 1306 780 omne
1352 735 1431 779 ex
1466 720 1668 780 ordine·
1706 706 2025 779 alumnum

180 802 404 864 Numen
444 803 656 883 ubique
694 806 848 865 sacri
891 813 1166 868 resonarit
1206 804 1500 880 Paeanes,
1545 803 1757 882 ubique

183 889 352 949 Serta
405 899 853 968 coronatumque
889 907 1125 951 merum.
1210 888 1377 949 Nunc
1418 889 1621 949 funera
1660 887 1850 949 rident
2036 896 2170 951 225

183 971 436 1051 Auguris
482 975 697 1051 ignari,
743 983 1060 1052 contraque
1102 975 1161 1033 in
1200 982 1467 1052 tempore
1500 981 1734 1034 certant

185 1057 466 1118 Tiresiam
506 1058 742 1119 laudare
783 1077 979 1127 summ
1024 1077 1174 1118 nene
1201 1058 1366 1120 -faeta
1410 1058 1718 1118 revolvunt

181 1141 461 1202 Maiorum
503 1152 852 1222 veteresque
897 1152 1104 1204 canunt
1147 1143 1219 1204 ab
1260 1144 1488 1221 origine
1532 1141 1786 1203 Thebes.
1874 1215 1881 1222 ὁ

182 1226 254 1285 Hi
292 1244 451 1287 mare
494 1227 790 1288 Sidonium
828 1228 1206 1307 matribusque
1235 1227 1757 1289 ·attrita.·'l¹onantis
1788 1255 1796 1262 ·

185 1308 418 1370 Cornua
467 1320 524 1370 et
568 1311 783 1389 ingenti
826 1313 1108 1376 sulcatum
1147 1311 1344 1374 Nerea
1370 1321 1574 1385 'tantm
2004 1319 2009 1326 '
2067 1317 2172 1372 230

180 1395 252 1455 Hi
296 1393 567 1456 Cadmum
611 1396 936 1474 lassamque
978 1396 1190 1458 bovem
1224 1397 1539 1476 festosque
1580 1396 1805 1456 cruenti

183 1479 385 1541 Martis
427 1498 636 1557 agros,
683 1481 779 1541 alii
822 1480 1050 1556 Tyriam
1090 1483 1376 1560 reptantia
1419 1500 1559 1542 saxa

183 1564 276 1625 Ad
322 1563 533 1639 chelyn
573 1574 631 1624 et
673 1565 843 1625 duras
886 1568 1224 1626 animantem
1272 1565 1595 1644 Amphiona
1631 1573 1852 1640 cautes,

180 1649 254 1709 Hi
292 1649 590 1726 gravidam
631 1649 936 1726 Semelen,
987 1650 1071 1709 illi
1115 1647 1429 1724 Cythereia
1470 1650 1702 1710 laudant

185 1732 447 1795 Conubia
491 1743 548 1794 et
589 1734 765 1795 multa
806 1733 1112 1794 deductum
1155 1734 1421 1813 lampade
1461 1734 1698 1794 fratrum
1960 1743 1965 1748 '
2067 1740 2171 1794 235

181 1818 559 1879 Harmonien:
605 1818 777 1879 nullis
819 1817 988 1879 deest
1027 1837 1131 1879 sua
1170 1818 1366 1880 fabula
1408 1820 1643 1879 mensis».

187 1901 310 1966 Ceu
350 1903 524 1966 modo
563 1903 961 2004 gemmiferum
1002 1904 1202 1980 thyrso
1248 1903 1560 1982 populatus
1593 1900 1910 2004 Hydaspen

182 1987 461 2066 ansque
505 1987 743 2063 domos,
790 1989 939 2066 nigri
977 1988 1195 2049 vexilla
1228 1988 1503 2066 triumphi

183 2073 360 2134 Liber
402 2081 461 2131 et
499 2073 738 2149 ignotos
778 2073 1012 2151 populis
1049 2072 1394 2133 ostenderet
1433 2072 1628 2132 Indos.

288 2156 456 2217 ,Tum
478 2158 718 2235 primum
746 2158 818 2217 ad
840 2166 1045 2218 coetus
1074 2159 1391 2236 sociaeque
1421 2156 1493 2217 ad
1524 2153 1770 2216 foedera
1795 2170 2032 2215 mensae
2069 2159 2175 2216 240

184 2244 436 2320 Semper
477 2242 873 2320 inadspeotum
917 2243 1154 2322 diraque
1198 2243 1442 2302 insede
1484 2241 1777 2301 latentem-

185 2326 533 2405 Oedipoden
579 2328 773 2386 exisse
816 2326 1042 2403 ferunt,
1083 2327 1358 2405 vultuque
1398 2342 1613 2387 sereno

185 2410 483 2472 Caniciem
527 2413 747 2487 nigram
789 2413 1063 2490 squalore
1108 2421 1167 2472 et
1204 2411 1438 2472 sordida
1480 2410 1626 2470 fusis

183 2495 304 2555 Ora
348 2497 529 2555 comis
574 2495 805 2557 laxasse
850 2515 1050 2572 mauu,
1099 2498 1439 2574 sociumque
1481 2494 1771 2569 benignos

184 2578 415 2639 Affatus
460 2589 519 2640 et
561 2579 766 2641 abacta
809 2582 966 2659 prius
1006 2581 1214 2642 solatia
1253 2598 1518 2659 passum:
2072 2583 2176 2638 245

185 2664 340 2739 Quin
373 2663 637 2723 hausisse
678 2666 863 2744 dapes
907 2666 1359 2743 insiccatumque
1404 2680 1672 2724 cruorem

181 2748 495 2810 Deiecisse
531 2750 718 2827 genis.
767 2775 772 2784 ·
805 2746 1060 2810 Cunctos
1100 2749 1373 2828 auditque
1411 2748 1731 2827 refertque,

182 2833 298 2907 Qui
339 2831 533 2894 Ditem
577 2842 636 2893 et
673 2833 875 2894 Furias
917 2843 1129 2895 tantum
1166 2842 1226 2893 et
1268 2836 1318 2893 si
1359 2833 1588 2912 quando
1632 2839 1936 2910 regentem

183 2918 522 2995 Antigonen
566 2918 808 2978 moestis
847 2918 1051 2979 solitus
1091 2918 1326 2997 pulsare
1371 2917 1646 2996 querelis,

184 3000 380 3062 Causa
422 3003 583 3063 latet.
660 3001 793 3061 Non
834 3002 986 3062 hunc
1020 3002 1178 3078 Tyrii
1210 3003 1334 3063 fors
1378 3019 1665 3081 prospera
1707 2998 1873 3077 belli,
2073 3006 2177 3058 250

185 3086 430 3147 Tantum
467 3085 622 3147 bella
665 3088 886 3156 iuvaat3
934 3096 1123 3148 natum
1158 3086 1537 3165 hortaturque
1577 3083 1922 3165 probatque,
2148 3099 2155 3110 ·

183 3169 315 3231 Nec
351 3172 568 3231 vicisse
609 3171 784 3239 velit3
832 3172 938 3233 sed
981 3172 1198 3251 primos
1235 3172 1495 3231 cominus
1532 3188 1712 3232 enses

188 3254 266 3315 Et
316 3254 605 3316 scelerum
647 3257 825 3316 tacito
869 3258 1105 3317 rimatur
1148 3257 1365 3318 semina
1408 3265 1568 3316 voto.

185 3338 331 3400 Inde
375 3339 587 3419 epulae
629 3340 836 3401 dulces
876 3343 1192 3420 ignotaque
1234 3341 1445 3418 gaudia
1484 3340 1662 3400 vultu.

190 3422 396 3497 Qualis
439 3434 576 3505 post
619 3424 832 3504 longae
874 3425 1126 3488 Phineus
1164 3425 1378 3487 ieiunia
1414 3440 1665 3504 poenae,
1950 3475 1955 3482 .
2078 3429 2182 3484 255
