2517 3909
855 176 1197 234 EDITORIS
1232 175 1664 234 PRAEFATIO.
2186 176 2294 232 vn

437 324 798 411 Aliquanto
859 327 1011 410 post
1074 319 1413 389 conradus
1464 321 2045 409 wirciburgensis,
2097 325 2295 408 poeta

261 414 375 479 ille
416 414 842 498 clarissimus,
893 415 965 479 in
1019 412 1306 478 carmine
1362 434 1483 479 suo
1534 411 1939 497 amplissimo
1997 411 2076 477 de
2119 413 2292 479 bello

263 503 549 570 Troiano
595 525 744 568 eum
790 504 918 569 alia
959 503 1287 588 permulta
1329 502 1552 568 hausit
1595 523 1674 567 ex
1709 501 2099 587 Achilleide,
2151 505 2294 570 tum

257 593 541 658 maxime
575 593 819 695 figuras
854 592 1206 658 nonnullas
1225 597 1321 658 'ae
1356 592 1880 677 comparationes
1914 591 1999 657 ad
2024 591 2292 658 verbum

257 704 464 765 paene
501 682 858 768 exscripsit.
945 680 1333 747 Accuratius
1389 682 1462 746 in
1525 681 1696 746 hanc
1756 703 1896 747 rem
1951 680 2295 767 inquisivit

257 770 340 837 H.
394 770 748 857 Dungerus
791 772 865 836 in
909 771 1130 837 libello
1177 772 1289 856 qui
1333 771 1713 837 inscribitur
1755 770 1882 836 die
1930 769 2101 857 Sage
2145 792 2296 837 vom

260 860 700 926 troianischen
745 859 1008 946 Kriege'
1053 859 1228 944 Lips.
1278 861 1449 926 1869
1495 883 1557 944 p.
1603 861 1711 926 47.
1756 861 1865 927 48.
1910 859 2016 927 52.
2061 859 2168 926 55.

441 949 622 1026 Quae
677 972 825 1015 cum
876 950 972 1015 ita
1025 949 1188 1032 sint,
1244 970 1381 1015 non
1442 953 1546 1014 est
1589 948 1960 1016 mirandum
2007 948 2181 1036 quod
2224 948 2297 1013 in

258 1036 614 1105 Britannia
632 1038 850 1105 Gal-lia
871 1038 1223 1104 Germania
1256 1042 1361 1104 tot
1404 1038 1642 1123 quibus
1670 1040 2039 1105 continetur
2073 1037 2295 1104 Achil-

257 1128 380 1192 leis
417 1128 830 1195 inveniuntur
863 1128 1142 1195 codices·
1185 1128 1334 1212 plus
1372 1128 1548 1192 enim
1585 1127 2077 1215 quinquaginta,
2122 1126 2294 1212 quod

260 1217 566 1302 equidem
621 1218 850 1303 sciam,
912 1217 1122 1286 adlruc
1175 1218 1248 1281 in
1292 1217 1501 1282 lucem
1558 1218 1801 1301 prolati
1856 1221 2027 1283 sunt.
2134 1216 2298 1282 Post

262 1307 597 1373 inventam
642 1311 852 1373 artem
894 1306 1438 1392 typographicam
1483 1304 1681 1371 Statii
1718 1327 1971 1392 quoque
2004 1306 2298 1372 carmina

259 1395 340 1460 in
367 1395 647 1462 officinis
673 1397 1022 1481 praecipue
1055 1394 1308 1461 Italicis
1333 1395 1691 1463 identidem
1714 1395 1947 1461 formis
1973 1395 2297 1480 descripta

261 1487 441 1552 sunt
482 1485 752 1552 Editio
781 1484 1270 1552 Achilleidos
1297 1486 1667 1570 princeps
1695 1485 1963 1550 utrum
1943 1506 2087 1570 1pso
2121 1505 2292 1550 anno

268 1575 450 1639 1470
514 1596 599 1639 an
658 1574 855 1660 paulo
919 1577 1073 1659 post
1129 1575 1341 1640 lucem
1402 1573 1665 1659 viderit,
1731 1596 1965 1659 parum
2019 1577 2299 1659 constat,

259 1664 505 1749 quippe
531 1685 695 1749 quae
722 1664 1041 1748 prodiisse
1069 1662 1324 1730 dicatur
1346 1685 1468 1729 nec
1497 1685 1671 1732 anno
1694 1685 1817 1729 nec
1833 1664 1978 1730 loco
1995 1662 2297 1728 indicato.

261 1752 641 1819 Editionem
708 1752 1119 1819 Romanam
1181 1753 1339 1818 anni
1398 1753 1574 1819 1475
1633 1750 1812 1840 (oum
1873 1755 2291 1818 commentar.

260 1841 512 1908 Placidi
538 1840 919 1908 Lactantii
898 1863 969 1906 m
1006 1841 1230 1927 Theb„
1272 1841 1503 1908 Franc.
1530 1841 1964 1907 Maturantii
1944 1864 2016 1907 ιιι
2041 1841 2294 1924 AchilL,

261 1929 456 1997 Dom.
493 1930 822 1998 Calderini
863 1932 935 1997 in
970 1929 1231 2016 Silvas),
1274 1931 1592 1998 editiones
1631 1930 1978 1997 Venetas
2025 1954 2083 1996 a.
2125 1931 2295 1997 1483

259 2024 332 2086 et
379 2021 581 2106 1490,
626 2043 904 2107 quarum
934 2020 1248 2087 lectiones
1292 2043 1336 2086 a
1369 2020 1635 2086 Menkio
1673 2021 1969 2086 conlatas
2006 2020 2295 2103 adhibui,

259 2113 525 2175 secutae
561 2114 719 2176 sunt
759 2109 1094 2175 Aldinae
1141 2132 1199 2177 a.
1241 2110 1413 2177 1502
1449 2112 1516 2175 et
1556 2109 1757 2194 1519,
1802 2130 2078 2195 quarum
2123 2108 2300 2194 prior

261 2198 458 2284 (quae
502 2200 665 2264 mihi
708 2202 971 2282 praesto
1015 2198 1170 2281 fuit)
1217 2198 1369 2265 ‘nisi
1413 2200 1496 2265 ab
1542 2200 1688 2284 ipso
1724 2198 2033 2282 Avantio,
2074 2201 2299 2263 tamen

259 2289 402 2353 eius
432 2287 996 2354 emendationibus
1024 2288 1338 2354 adhibitis
1364 2288 1662 2356 confecta
1687 2287 1829 2355 est'.
1898 2285 2027 2373 (Of.
2054 2287 2299 2353 Handii

261 2377 470 2459 praef.
513 2399 575 2460 p.
619 2373 953 2464 XXXVI.)
1024 2376 1130 2443 Ex
1163 2375 1407 2444 Aldina
1451 2377 1736 2445 secunda
1781 2380 2157 2443 contextum
2193 2376 2297 2441 de·

264 2465 591 2530 scribebat
635 2464 1128 2550 Bernartius,
1183 2467 1296 2551 qui
1347 2465 1624 2533 Statium
1678 2468 1751 2532 in
1796 2466 2062 2532 officina
2104 2465 2298 2530 Plan-

259 2553 524 2620 tim'ana
563 2554 968 2639 Antverpiae
1013 2554 1187 2621 1595
1232 2555 1460 2641 edidit,
1522 2577 1600 2622 ex
1647 2559 1927 2642 quatuor
1971 2555 2299 2621 codicibus

260 2643 701 2710 emendatum.
789 2643 868 2709 Id
911 2644 1088 2730 quod
1131 2642 1482 2730 Scaliger
1535 2647 1662 2712 sibi
1714 2646 2173 2731 proposuerat,
2226 2647 2302 2709 ut

262 2731 552 2800 Statium
615 2737 976 2801 correctum
1040 2737 1108 2800 et
1176 2735 1573 2801 illustratum
1645 2735 1893 2820 ederet,
1956 2733 2299 2820 quominus

262 2821 578 2908 efficeret,
628 2824 843 2889 virum
889 2844 1146 2890 summo
1190 2823 1456 2909 ingenio
1509 2824 1873 2908 praeditum
1927 2822 2301 2909 impediisse

262 2911 504 2979 dieitur
558 2912 762 2978 editio
813 2913 1420 2999 Lindenbrogii,
1481 2934 1644 2999 quae
1706 2936 1765 2978 a.
1814 2913 1988 2979 1600
2032 2911 2302 2978 Parisiis

259 3001 525 3087 prodiit.
628 3000 696 3067 Is
766 3003 1026 3069 etiamsi
1089 3000 1375 3069 Statium
1439 3022 1575 3067 non
1645 3002 1841 3068 modo
1908 3002 1990 3068 ad
2050 3000 2303 3068 codices

264 3089 368 3176 (in
407 3090 647 3176 quibus
695 3092 980 3177 optimus
1025 3092 1133 3157 ille
1159 3090 1526 3157 Puteaneus
1572 3088 1743 3174 erat)
1788 3090 1942 3156 dum
1984 3091 2058 3156 in
2086 3088 2304 3156 Gallia

261 3181 653 3246 versabatur
669 3183 1024 3267 recensuit,
1049 3179 1164 3246 sed
1191 3179 1391 3246 etiam
1408 3179 1734 3246 Lactantii
1751 3179 2217 3245 commentaria
2232 3179 2304 3245 in

262 3267 632 3335 Achilleida
666 3270 951 3355 primum
995 3292 1031 3336 e
1075 3268 1296 3335 codice
1322 3268 1681 3336 Pithoeano
1729 3268 1948 3352 edidit,
1992 3268 2181 3351 plura
2206 3273 2305 3335 ta-

263 3378 416 3442 men
453 3380 661 3443 quam
687 3382 807 3443 par
834 3364 976 3425 erat
1014 3360 1265 3425 intacta
1309 3357 1588 3445 reliquit.
1659 3356 1896 3424 Secuta
1940 3360 2042 3422 est
2086 3357 2302 3440 editio,

268 3467 348 3511 ex
393 3468 518 3532 qua
561 3448 699 3524 fere
745 3469 969 3517 omnes
1013 3447 1302 3531 reliquae
1338 3447 1547 3513 adhue
1574 3446 1918 3532 fluxerunt,
1961 3443 2005 3510 J
2016 3467 2073 3512 o.
2100 3443 2304 3511 Frid.
