2517 3909
513 177 575 231 P.
612 175 889 231 PAPlNII
927 174 1165 231 STATII
1205 175 1584 232 SILUARUM
1621 176 1684 234 L.
1722 175 1792 246 11,
1832 183 1879 231 1.
2185 175 2269 241 37

118 323 257 390 stili
323 322 713 389 facilitatem
776 322 879 387 leo
925 325 1335 407 mansuetus,
1400 344 1592 408 quem
1656 323 1728 387 in
1791 320 2272 406 amphitheatro

116 416 527 497 prostratum
551 411 860 497 frigidum
890 415 1048 496 erat,
1076 412 1514 478 sacratissimo
1536 412 1921 496 Imperatori
1947 412 2020 476 ni
2047 411 2272 476 statim
2303 425 2312 434 ⁶

116 502 466 569 traderem.
521 501 605 567 ad
630 500 874 567 Ursum
910 521 1165 586 quoque
1202 506 1521 585 nostrum,
1557 501 1858 566 iuuenem
1894 500 2270 565 candidissi·
2307 515 2377 565 20

117 614 300 657 mum
358 594 425 657 et
476 592 616 656 sine
672 590 923 656 iactura
978 589 1261 660 desidiae
1307 589 1779 674 doctissimum,
1835 589 2145 673 scriptam
2191 589 2270 653 de

118 681 366 746 amisso
418 701 623 765 puero
677 680 1188 746 consolationem
1254 701 1450 764 super
1503 700 1580 744 ea
1644 699 1808 763 quae
1870 679 2000 763 ipsi
2064 677 2270 744 debeo

118 770 269 835 huic
304 770 479 835 libro
515 769 796 835 libenter
831 769 1093 852 inserui,
1139 768 1293 854 quia
1326 768 1643 834 honorem
1681 768 1817 833 eius
1852 767 1975 836 tibi
2019 767 2270 831 laturus

122 862 465 943 acceptum
512 860 631 923 est.
701 858 911 923 cludit·
943 858 1253 923 uolumen
1300 857 1757 943 genethliacon
1791 854 2053 941 Lucani,
2099 856 2270 941 quod

121 948 310 1014 Polla
339 947 755 1032 Argentaria,
790 947 1149 1012 clarissima
1181 968 1475 1031 uxorum,
1509 965 1660 1013 cum
1694 946 1869 1010 hunc
1897 946 2068 1010 diem
2103 946 2273 1009 forte
2308 961 2378 1010 25

126 1053 682 1121 consecraremus,
724 1037 1033 1120 imputari
1080 1036 1205 1101 sibi
1249 1037 1476 1101 uoluit.-
1563 1052 1688 1121 ego
1731 1058 1866 1101 non
1911 1035 2096 1119 potui
2141 1056 2276 1099 ma-

124 1126 327 1192 iorem
391 1125 565 1190 tanti
652 1126 931 1191 auctoris
1012 1125 1253 1208 habere
1323 1125 1761 1190 reuerentiam
1834 1143 2028 1210 quam
2103 1122 2275 1208 quod

131 1215 354 1280 laudes
393 1212 534 1279 eius
572 1214 859 1279 dicturus
896 1214 1305 1296 hexametros
1333 1233 1522 1280 meos
1558 1214 1768 1278 timui.
1837 1212 1999 1278 haec
2035 1212 2277 1297 qualia-

126 1324 399 1389 cumque
463 1307 645 1387 sunt,
690 1302 929 1368 Melior
964 1299 1324 1389 carissime,
1368 1303 1424 1378 si
1469 1303 1592 1368 tibi
1635 1324 1772 1368 non
1816 1300 2276 1386 displicuerint,

127 1416 163 1457 a
203 1397 273 1457 te
319 1391 661 1477 publicum
707 1393 1052 1477 accipiant3
1098 1393 1155 1457 si
1198 1392 1435 1477 minus,
1483 1392 1564 1468 ad
1609 1411 1711 1457 me
1757 1395 2182 1456 reuertantur.
2311 1406 2380 1456 30

461 1796 823 1852 GLAUCIAS
860 1796 1113 1856 ATEDII
1149 1796 1500 1862 MELIQRIS
1537 1794 1942 1852 DELICATUS

123 1906 311 1984 Quod
357 1906 485 1971 tibi
528 1906 881 1990 praerepti,
924 1905 1190 1991 Melior,
1235 1906 1530 1976 solamen
1574 1906 1821 1972 alumni
1827 1941 1870 1990 ‚¹

118 1994 452 2080 Inprobus
499 1997 651 2060 ante
694 2016 893 2081 rogos
939 1998 1007 2060 et
1051 1995 1259 2062 adhuc
1304 1996 1568 2062 uiuente
1587 2049 1594 2052 .
1610 1994 1839 2060 fauilla

126 2082 414 2151 Ordiar‘?
461 2084 755 2169 abruptis
803 2085 999 2150 etiam
1043 2106 1219 2152 nunc
1260 2085 1482 2152 flebile
1527 2083 1711 2149 uenis

120 2173 382 2239 Uulnus
430 2173 592 2258 hiat,
634 2194 1043 2259 magnaeque
1085 2176 1284 2257 patet.
1311 2174 1421 2238 uia
1464 2173 1713 2240 lubrica
1755 2174 2005 2258 plagae.

121 2261 288 2328 Cum
334 2263 471 2327 iam
517 2266 776 2347 egomet
819 2266 1051 2328 cantus
1096 2267 1165 2327 et
1205 2264 1408 2330 uerba
1452 2262 1774 2344 medentia
1819 2261 2034 2328 saeuis
2348 2276 2380 2325 5

123 2350 434 2436 Confero,
476 2355 551 2414 tu
594 2352 896 2435 planctus
928 2345 1359 2437 lamentaque
1401 2351 1601 2417 fortia
1620 2401 1624 2410 .
1645 2352 1853 2416 mauis

121 2439 475 2525 Odistique-
512 2439 751 2524 chelyn
793 2439 1117 2526 surdaque
1158 2442 1471 2508 auerteris
1517 2462 1689 2508 aure.

121 2529 536 2613 Intempesta
578 2549 768 2594 canoa
815 2529 1006 2595 citius
1050 2552 1159 2596 me
1198 2531 1390 2615 tigris
1437 2529 1688 2596 abactis

122 2617 396 2683 Fetibus
445 2617 783 2704 orbatique
827 2619 1033 2684 uelint
1077 2619 1302 2707 audire
1342 2618 1584 2688 leones.

122 2705 258 2772 Nec
307 2706 366 2771 si
411 2707 847 2791 tergeminum
893 2705 1119 2776 Sicula.
1156 2708 1234 2772 de
1272 2708 1535 2792 uirgine
1580 2725 1841 2774 carmen
2006 2770 2009 2773 ,
2315 2728 2382 2777 10

126 2795 381 2861 Affluat
429 2798 545 2859 aut
590 2795 775 2860 siluis
820 2796 1046 2880 chelys
1090 2797 1424 2864 intellecta
1466 2795 1800 2880 ferisque,-

126 2883 420 2950 Mulceat
462 2885 736 2950 insanos
781 2885 1087 2970 gemitus.
1148 2889 1284 2950 stat
1317 2888 1589 2970 pectore
1636 2885 1903 2954 demens

124 2973 368 3040 Luctus
416 2976 485 3038 et
529 2971 792 3039 admoto
836 2974 1085 3042 latrant
1122 2974 1507 3057 praecordia
1550 2977 1760 3042 tactu..
1829 3013 1836 3019 ·
1869 3011 1897 3042 ι;

127 3060 335 3127 Nemo
381 3064 596 3126 uetat:
644 3063 881 3127 satiare
925 3063 1117 3127 malis
1164 3084 1557 3148 aegrumque
1604 3063 1892 3129 dolorem

270 3242 343 3291 24
381 3238 617 3307 accepto
655 3242 690 3290 c
726 3256 776 3308 a,
810 3231 965 3294 eorr.'
991 3233 1153 3293 Dom.
1205 3240 1214 3306 Ι
1252 3238 1365 3295 ’est
1393 3237 1587 3293 ‘cludit
1624 3235 1991 3308 Maaeiyius:
2028 3237 2279 3295 excludit

134 3313 166 3358 ο
196 3326 230 3362 ο,
253 3309 276 3378 fl
300 3314 374 3363 25
415 3306 627 3363 clariss.
667 3313 737 3363 A:
777 3307 964 3364 caries.
1005 3314 1041 3361 c
1077 3311 1097 3377 11
1128 3314 1203 3364 226
1242 3323 1691 3364 consecraremus
1728 3308 2056 3365 Ananiam(
2083 3325 2277 3365 consu-

133 3378 365 3434 leremus
404 3384 442 3431 0
478 3383 548 3446 et,
580 3385 648 3434 ut
681 3381 820 3446 wid„
857 3385 903 3433 A
940 3380 1354 3436 consideremus
1394 3385 1430 3434 ς

269 3452 311 3507 1.
365 3456 418 3521 5,
458 3457 491 3505 6
531 3467 734 3506 saeuus
770 3453 858 3522 (A)
898 3450 1142 3507 Consero
1181 3456 1233 3520 0,
1271 3467 1410 3507 corr.
1448 3469 1483 3504 a
