2517 3909
882 140 1257 198 SILUARUM
1292 143 1355 200 L.
1390 143 1486 215 ιν,
1527 150 1575 200 1.
2220 148 2304 213 97

1222 339 1276 406 Ι.

154 462 527 521 SEPTIMUS
571 461 894 519 DECIMUS
942 461 1427 519 CONSULATUS
1466 465 1621 544 JMP.
1668 463 1834 521 AUG.
1875 462 2304 526 GERMANIGL

153 591 365 657 Laeta
407 591 513 657 bis
560 590 811 657 octonis
858 587 1107 656 aceedit
1148 601 1436 676 purpura
1480 592 1672 678 fastis
1761 589 1770 598 ’

154 680 463 748 Caesaris
508 679 964 766 insignemque
1011 680 1221 764 aperit
1264 679 1685 746 Germanicus
1733 704 1996 766 annum,

156 770 383 855 Atque
429 769 639 835 oritur
681 790 829 834 eum
875 770 1011 834 sole
1055 787 1248 854 nouo,
1295 791 1441 835 eum
1488 769 1841 856 grandibus
1889 771 2081 837 astris

159 858 423 925 Clarius
467 859 608 943 ipse
652 857 871 922 nitens
915 861 982 923 et
1024 858 1238 943 primo
1284 859 1494 924 maior
1537 857 1698 925 Eoo,

157 948 485 1014 Exultent
529 948 707 1032 leges
750 944 992 1032 latiae,
1036 948 1342 1032 gaudete,
1387 949 1664 1033 eurules3
2272 966 2306 1017 5

156 1037 253 1104 Et
300 1035 815 1139 septemgemino
859 1036 1211 1103 iactantior
1254 999 1520 1103 ae'thera
1563 1038 1778 1121 pulset

157 1126 379 1193 Roma
422 1126 600 1212 iugo,
643 1124 915 1211 plusque
962 1128 1113 1191 ante
1159 1125 1323 1191 alias
1368 1119 1739 1192 Euandrius
1789 1149 1966 1194 arces

159 1215 370 1282 Collis
416 1218 596 1280 ouet:
644 1213 899 1292 subiere
942 1214 1100 1281 noui
1143 1215 1393 1301 palatia
1435 1215 1664 1299 fasces,

157 1304 256 1371 Et
300 1303 594 1389 requiem
636 1286 743 1368 bis
790 1305 1009 1369 sextus
1052 1303 1266 1370 honos
1311 1305 1736 1391 precibusque
1780 1306 2057 1392 receptis

159 1393 367 1461 Guria
411 1391 801 1459 Caesareum
846 1393 1090 1495 gaudet
1131 1394 1369 1459 uicisse
1413 1394 1742 1479 pudorem.
2238 1407 2305 1462 10

157 1483 318 1569 Ipse
364 1482 563 1548 etiam
606 1482 887 1547 inmensi
930 1486 1265 1567 reparator
1308 1483 1627 1548 maximus
1674 1483 1819 1549 aeui

157 1572 414 1638 Attolit
460 1571 699 1655 uultus,
744 1574 810 1636 et
854 1573 1002 1637 utro
1047 1589 1128 1636 ue
1174 1594 1213 1636 a
1256 1571 1481 1637 limine
1528 1575 1744 1658 grates

158 1659 366 1728 Ianus
416 1661 590 1749 agitr
620 1679 811 1745 quem
856 1663 931 1724 tu
1046 1661 1192 1725 eina
1234 1681 1393 1746 paee
1439 1661 1719 1747 ligatum

161 1750 412 1817 Omnia
455 1748 706 1815 iussisti
750 1767 1138 1834 componere
1181 1749 1358 1815 bella
1399 1750 1683 1835 nouique

159 1840 246 1905 In
290 1840 473 1925 leges
516 1838 734 1903 iurare
777 1838 925 1904 fori.
1014 1839 1192 1904 leuat
1237 1860 1383 1905 eece
1431 1839 1698 1924 supinas
2242 1854 2308 1905 15

160 1927 340 1995 Hine
384 1930 580 2014 atque
625 1927 776 1994 inde
819 1947 1052 1993 manus
1099 1928 1484 2013 geminaque
1529 1929 1689 1994 haee
1734 1949 1893 1995 uoce
1938 1926 2262 2014 profatur:

162 2016 414 2102 Salue,
459 2036 698 2103 magne
742 2035 979 2103 parens
1024 2016 1270 2102 mundi,
1314 2018 1426 2102 qui
1471 2017 1730 2084 saecula
1774 2039 2030 2098 meeum

161 2107 542 2173 Instaurare
585 2127 799 2191 paras,
845 2106 1047 2171 talem
1090 2108 1156 2171 te
1202 2127 1463 2209 eernere
1511 2127 1767 2192 semper

160 2196 391 2263 Mense
437 2217 583 2261 meo
627 2198 744 2260 tua
788 2195 999 2262 Roma
1043 2196 1248 2282 eupit3
1299 2192 1392 2261 sie
1435 2198 1734 2280 tempora
1775 2196 1976 2281 nasci,

163 2285 273 2352 Sic
321 2307 533 2352 annos
579 2285 824 2350 intrare
871 2284 1073 2350 decet.
1163 2284 1247 2350 da
1292 2285 1533 2371 gaudia
1573 2285 1763 2351 fastis
2236 2300 2306 2350 20

162 2373 526 2461 Continua3
569 2373 693 2440 hos
736 2373 1042 2439 humeros
1087 2374 1297 2439 multo
1344 2374 1524 2440 sinus
1570 2375 1819 2440 ambiat
1864 2376 2045 2440 ostro

161 2463 257 2530 Et
301 2466 655 2549 properata
698 2464 847 2527 tuae
894 2462 1202 2528 manibus
1242 2466 1581 2547 praetexta
1623 2462 1972 2530 Mineruae.
2081 2541 2087 2547 .

161 2553 432 2637 Aspieis
478 2555 554 2617 ut
596 2552 862 2636 templis
908 2552 1074 2616 alius
1119 2553 1315 2636 nitor,
1360 2553 1554 2617 altior
1598 2553 1729 2617 aris

162 2641 351 2728 Ignis
398 2644 465 2707 et
508 2642 654 2726 ipsa
698 2661 877 2707 meae
923 2644 1190 2725 tepeant
1233 2641 1359 2707 tibi
1407 2640 1619 2707 sidera
1662 2642 1955 2725 brumae,

166 2731 440 2797 Ortibus
486 2734 689 2815 utque
733 2729 865 2795 tuis
912 2729 1199 2816 gaudent
1241 2732 1622 2815 turmaeque
1668 2731 2006 2816 tribusque
2239 2743 2308 2794 25

164 2820 613 2906 Purpureique
656 2821 895 2904 patres,
937 2819 1274 2903 lucemque
1320 2842 1361 2884 a
1405 2820 1667 2900 consule
1706 2820 1883 2886 ducit
2057 2823 2061 2828 ’

309 3123 357 3178 Ι.
399 3120 652 3176 Titulmn
687 3119 816 3175 dodi
850 3135 918 3174 ex
955 3122 1001 3172 Δ
1038 3124 1074 3171 c
1108 3119 1225 3186 (sed
1258 3118 1379 3189 imp
1341 3137 1395 3189 p.
1434 3135 1563 3188 aug.
1595 3117 1660 3185 Δ)
1699 3119 1779 3187 119
1816 3116 1892 3172 Et
1924 3115 2180 3187 requiem
2214 3114 2313 3170 uix

165 3194 344 3250 sensit
382 3191 625 3248 Graccus
669 3190 745 3246 Et
778 3187 949 3246 rediit
990 3189 1078 3245 bis
1114 3192 1303 3245 sextus
1344 3190 1553 3245 Markl.
1591 3189 1611 3261 ΙΙ
1659 3194 1723 3243 11
1772 3188 1985 3244 emensi
2027 3187 2313 3243 Bwrma‘n-

163 3283 300 3335 nus,
352 3280 462 3336 quo
497 3263 738 3333 probato
781 3263 954 3318 scribe
997 3261 1133 3317 anni
1184 3264 1205 3331 ΙΙ
1261 3266 1330 3316 14
1376 3260 1617 3316 Horrida
1656 3251 1868 3316 Markl.
1913 3262 1934 3329 ΙΙ
1981 3264 2046 3314 19
2083 3274 2211 3314 meo
2250 3263 2311 3314 0.

163 3354 318 3393 nouo
355 3338 548 3406 ⁸123
574 3334 686 3389 aris
722 3340 758 3387 c
794 3333 906 3389 aris
942 3336 1008 3388 111
1034 3332 1202 3388 astris
1240 3331 1326 3386 Δ*
1351 3335 1467 3403 1125
1506 3331 1736 3387 Ortibus
1775 3330 2101 3385 Jacobaius:
2145 3328 2313 3384 Mori

163 3409 272 3464 bus
311 3413 349 3460 c
387 3426 424 3460 a
456 3404 726 3462 Fascibus
763 3421 890 3461 ecoe
927 3404 1040 3460 tuis
1081 3405 1336 3472 Markl.1
1368 3405 1541 3471 utque
1561 3401 1907 3468 Hoeufftius:
1944 3402 2117 3469 atque
2137 3405 2172 3452 0
2192 3417 2226 3452 a
2264 3442 2270 3447 .

274 3498 343 3540 8⁰1·
346 3496 690 3538 arnsrmun.
1852 3493 1883 3543 7
