2517 3909
419 131 502 194 82
1069 141 1134 192 P.
1179 141 1447 193 mrum
1487 140 1720 192 sum

416 301 661 365 Nubilus
702 298 892 362 Arcas
932 308 1095 378 agan
1141 307 1345 361 contra
1386 315 1496 379 per
1535 298 1767 360 ‹zi-mim
1806 299 2042 375 functis,

419 388 531 464 Qui
570 386 770 467 plures
811 384 1043 463 Erebo,
1084 384 1401 465 pluresque
1438 401 1475 444 e
1507 384 1787 462 sanguine
1832 381 2054 460 Cadmi,

418 472 626 551 Angue
668 480 759 531 ter
802 485 1061 531 excusso
1095 479 1156 530 et
1197 469 1462 547 flagranti
1503 465 1742 548 praevia
1781 478 1942 544 taxo,
2299 477 2394 532 485

419 555 770 636 Tisiphone,
814 555 931 615 dux
971 553 1161 634 pande
1196 552 1380 630 diem,
1419 569 1534 614 uec
1576 553 1726 614 lucis
1766 562 2013 631 egentes

419 639 712 703 Cerberus
750 657 999 701 occursu
1043 638 1295 719 capffum
1318 647 1676 738 ‘retorqueat
1708 636 1985 698 umbras!

542 725 815 799 Dixerat,
856 733 916 785 et
954 724 1176 803 pariter
1203 722 1408 783 senior
1446 722 1838 809 Phoebeaque
1878 723 2048 799 virgo

414 811 681 873 Erexere
721 810 970 877 auimos;
1011 808 1096 868 illi
1132 806 1437 868 formidine
1476 793 1655 884 null’a,

417 896 649 975 Quippe
685 895 742 954 in
787 893 965 955 eorde
1008 893 1188 969 deus,
1224 891 1414 952 solum
1448 902 1669 953 tremor
1707 890 1897 952 obruit
1931 892 2140 969 ing-ens
2295 898 2391 955 49⁰

416 978 949 1058 Oedipodioniden,
994 978 1258 1055 vatisque
1294 976 1586 1038 horrenda
1620 976 1878 1037 canentis

415 1064 581 1125 Nunc
622 1064 894 1125 humeros
909 1107 927 1138 ,
965 1080 1115 1122 nunc
1153 1062 1256 1122 ille
1290 1077 1488 1123 manus
1532 1070 1594 1122 et
1634 1061 1860 1122 vellera
1900 1069 2136 1141 pressat

416 1149 671 1224 Anxius,
713 1147 1076 1226 inceptisque
1113 1146 1257 1207 velit
1297 1146 1585 1207 desistere
1625 1146 1831 1206 sacris.

539 1232 740 1308 Qualis
785 1231 1061 1292 Gaetulae
1095 1230 1478 1293 stabulantem
1518 1230 1589 1292 ad
1632 1229 1914 1308 confraga
1950 1230 2136 1291 silvae

413 1318 673 1379 Venator
714 1316 892 1393 longo
934 1324 1145 1376 motum
1179 1316 1440 1377 clamore
1482 1316 1712 1376 leonem
2298 1324 2389 1381 495

416 1401 739 1482 Expectat,
779 1401 1008 1460 firmans
1047 1401 1291 1460 animum
1328 1409 1388 1462 et
1428 1401 1688 1462 sudantia
1731 1401 1859 1460 nisu

416 1486 559 1547 Tela
605 1502 902 1564 premens;
944 1485 1105 1563 gelat
1150 1501 1253 1546 ora
1290 1501 1509 1565 pavor,
1548 1499 1908 1563 gressusque
1948 1483 2312 1561 tremiscunt,

415 1571 560 1645 Quis
597 1571 790 1630 veniat
831 1579 1251 1649 quantusque,
1235 1570 1375 1631 sed
1411 1569 1644 1631 horrida
1685 1570 1851 1647 sigua
1888 1568 2193 1659 frementis

418 1654 652 1734 Accipit
695 1663 755 1714 et
800 1671 978 1715 caeca
1017 1656 1250 1715 metitur
1288 1669 1570 1714 murmura
1611 1669 1771 1715 cura.

541 1737 735 1818 Atque
775 1737 869 1799 bic
904 1738 1162 1800 Tiresias
1203 1739 1452 1799 nondum
1484 1736 1923 1799 adventantibus
1964 1736 2217 1799 umbris:
2300 1750 2390 1803 5⁰0

422 1822 701 1900 Testor,
744 1824 852 1900 ait,
900 1823 1101 1901 divae,
1147 1822 1356 1902 quibus
1389 1822 1540 1884 hunc
1582 1823 1958 1884 saturavimus
1992 1822 2209 1900 ignem,

415 1908 725 1988 Laevaque
766 1907 1081 1969 convulsae
1128 1907 1387 1969 dedimus
1428 1906 1730 1969 carchesia
1767 1917 1982 1983 terrae,

414 1992 532 2053 lam
573 2009 804 2072 nequeo
846 1993 1103 2054 tolerare
1143 2007 1382 2053 moram.
1456 1990 1749 2054 Oassusne
1790 1990 2073 2052 sacerdos

417 2074 677 2139 Audior?
716 2096 785 2138 an
825 2076 1030 2138 rabido
1067 2076 1261 2138 iubeat
1299 2078 1349 2137 si
1388 2076 1671 2138 Thessala
1704 2085 1871 2137 cantu

416 2159 619 2223 Ibitis?
664 2171 724 2221 et
765 2160 1054 2237 Scythicis
1096 2162 1365 2242 quotiens
1400 2162 1684 2223 medicata
1723 2160 1967 2222 venenis
2298 2173 2389 2226 5⁰5

416 2244 652 2307 Colchis
696 2254 865 2323 aget,
909 2246 1139 2325 trepido
1183 2245 1483 2325 pallebunt
1516 2255 1730 2307 tartara
1769 2241 1969 2306 motu?

415 2331 613 2392 Nostri
658 2348 796 2391 cura
834 2330 1052 2407 minor,
1098 2331 1147 2390 si
1190 2346 1307 2390 non
1340 2330 1624 2391 attollere
1665 2330 1846 2390 bustis
1906 2325 1911 2330 ’

417 2415 713 2495 Corpora,
759 2433 870 2475 nec
907 2415 1114 2494 plenas
1157 2416 1404 2494 antiquis
1448 2411 1680 2476 ossibus
1717 2429 1891 2475 umas

415 2499 712 2578 Egerere,
760 2509 819 2560 et
860 2502 1071 2560 mixtos
1105 2501 1383 2579 coelique
1416 2498 1713 2582 Erebique
1754 2497 1860 2559 sub
1898 2513 2068 2558 unum

415 2583 734 2645 Funestare
769 2584 915 2645 deos
955 2583 1131 2662 libet,
1176 2593 1272 2646 aut
1309 2586 1592 2663 exanguia
1636 2583 1796 2643 ferro
2301 2596 2391 2648 ⁶10

416 2667 530 2729 Ora
574 2670 770 2746 sequi,
814 2678 909 2729 aut
948 2685 1157 2747 aegras
1191 2670 1515 2731 functorum
1559 2683 1808 2749 carpere
1844 2664 2068 2728 fibras?
2134 2713 2137 2716 -

413 2751 503 2812 Ne
548 2761 753 2812 tenues
800 2767 980 2813 annos
1026 2754 1351 2834 nubemque
1389 2755 1535 2815 hanc
1570 2754 1777 2816 frontis
1814 2769 2062 2833 opacae,

415 2837 683 2916 Spernite
726 2854 836 2914 ne,
878 2853 1119 2915 moneo,
1165 2848 1223 2899 et
1255 2838 1426 2899 nobis
1462 2839 1690 2900 saevire
1735 2837 1999 2898 facultas

414 2922 639 2982 Scimus
682 2922 828 2981 enim
868 2931 926 2981 et
958 2922 1231 3003 quidquid
1270 2923 1383 2984 dici
1420 2925 1703 3003 noscique
1744 2924 1978 2999 timetis,

413 3003 488 3066 Et
530 3004 761 3066 turbare
795 3004 1085 3086 Hecaten,
1127 3009 1184 3068 ni
1218 3016 1311 3085 te,
1357 3007 1753 3085 Thymbraee,
1792 3024 2056 3084 vererer,
2299 3019 2387 3072 515

287 3089 293 3102 ‘
412 3088 487 3150 Et
523 3090 771 3169 triplicis
811 3090 998 3151 mundi
1037 3109 1344 3170 summum,
1391 3109 1562 3172 quem
1604 3094 1758 3153 scire
1795 3091 2079 3152 nefastum
2120 3102 2237 3156 est.

411 3174 577 3235 Illum
617 3174 724 3236 sed
760 3184 962 3236 taceo.
1009 3176 1281 3255 prohibet
1322 3177 1628 3257 tranquilla
1671 3185 1969 3238 senectus.

410 3257 643 3338 Iamque
686 3276 799 3338 ego
838 3277 947 3320 vos
990 3266 1118 3319 -—-.’
1200 3262 1387 3322 Avide
1429 3262 1637 3323 subicit
1678 3261 1973 3323 Phoebeia
2014 3259 2243 3322 Manto:

539 3343 840 3421 Audiris,
878 3346 1140 3423 genitor,
1181 3346 1510 3425 vulgusque
1548 3365 1815 3427 exangue
1854 3347 2225 3427 propinquat.

410 3424 677 3490 Panditur
718 3427 975 3505 Elysium
1019 3430 1233 3509 chaos,
1278 3439 1338 3491 et
1379 3431 1607 3493 telluris
1648 3441 1896 3513 opertae
2295 3439 2389 3493 520
