2517 3909
868 151 1210 218 EDITORIS
1245 152 1679 208 PRAEFATIO.
2249 175 2380 232 xvir·

210 298 497 364 minutis
550 296 683 364 illis
740 320 905 384 quae
966 300 1148 365 lusus
1201 320 1538 385 nugasque
1594 302 1661 363 et
1711 299 1994 383 ineptias
2039 300 2366 365 uocabant

212 388 571 471 poematiis
616 392 1098 473 concesserunt3
1153 389 1223 453 in
1261 388 1657 454 carminibus
1689 388 2097 473 iongioribus
2135 388 2366 454 diurna

212 471 382 542 lima
437 478 850 563 studiumque
904 479 1180 544 multum
1244 478 1720 563 expectabatur.
1807 499 1963 543 nam
2016 481 2366 564 postquam

213 567 482 632 Ennius
543 567 790 652 primus
865 566 1232 633 Musarum
1297 568 1598 653 scopulos
1672 570 2013 651 superarat
2074 571 2140 633 et
2212 569 2366 634 dicti

218 657 559 722 studiosus
605 655 788 741 erat',
832 656 963 721 iam
998 656 1147 722 inde
1185 657 1269 721 ab
1307 658 1419 722 illo
1444 661 1747 759 tempore
1783 658 1993 743 magis
2030 657 2367 743 magisque

216 750 460 830 poetae
504 708 811 825 Romani,
865 746 975 831 qui
1031 746 1289 830 quidem
1335 746 1519 811 seriis
1565 746 1961 812 carminibus
2004 747 2366 832 pangendis

218 836 544 900 dederunt
588 857 871 920 operam,
929 857 1064 901 non
1111 835 1466 900 emiserunt
1507 835 1711 901 libros
1756 836 1886 900 nisi
1931 836 2207 901 multum
2252 858 2370 921 per

218 930 486 1010 tempus
551 946 697 990 cum
761 946 917 990 cura
970 924 1325 1009 perpolitos
1389 924 1844 1010 doctrinaeque
1908 925 2367 1010 speciminibus

221 1014 612 1081 adornatos:
657 1014 804 1099 plus
852 1036 957 1079 ars
1002 1012 1269 1079 ualebat
1314 1035 1510 1099 quam
1554 1014 1909 1100 ingenium.
1999 1018 2069 1080 at
2105 1012 2368 1093 Statius,

222 1107 301 1169 ut
347 1104 433 1169 ab
478 1104 741 1189 ingenio
787 1104 1105 1168 maximus
1152 1105 1255 1168 est
1299 1103 1367 1168 in
1415 1101 1625 1186 siluis,
1679 1103 1774 1168 ita
1818 1103 2038 1168 deficit
2082 1103 2165 1169 ab
2212 1107 2369 1169 arte.

221 1215 383 1259 nam
438 1215 585 1259 cum
630 1193 1006 1277 plerumque
1054 1195 1312 1276 tempus
1357 1192 1810 1257 breuissimum
1857 1192 1939 1257 ad
1983 1192 2371 1277 perficienda

223 1281 518 1347 carmina
563 1304 603 1346 a
645 1282 943 1365 patronis
995 1281 1174 1346 iussa
1218 1280 1279 1345 ei
1326 1283 1724 1367 suppeteret,
1768 1284 2040 1347 naturae
2084 1281 2367 1347 indolem

224 1375 490 1437 secutus
535 1372 749 1435 minus
788 1369 1154 1455 expoliendi
1190 1392 1379 1435 curae
1416 1391 1649 1435 uacare
1685 1370 1919 1455 potuit.
1982 1370 2130 1436 uide
2169 1391 2367 1455 quan-

222 1465 371 1526 tum
425 1460 686 1525 intersit
737 1459 909 1523 inter
963 1458 1302 1524 Thebaida
1346 1463 1412 1524 et
1467 1458 1696 1525 siluas:
1762 1459 1895 1541 illa,
1951 1462 2024 1524 ut
2077 1462 2178 1524 est
2233 1458 2368 1524 ‘bis

226 1571 424 1615 senos
478 1550 753 1615 multum
808 1547 1082 1633 uigilata
1136 1569 1252 1631 per
1307 1547 1550 1614 annos'
1550 1600 1569 1633 ,
1632 1548 1807 1614 docti
1861 1548 2073 1634 operis
2127 1569 2368 1614 nomen

224 1638 670 1725 honoremque
733 1637 1020 1722 affectat3
1094 1636 1282 1722 haec,
1353 1640 1429 1703 ut
1487 1660 1563 1704 ex
1609 1638 1851 1702 libellis
1915 1638 2133 1702 subito
2196 1637 2370 1702 natis

227 1731 564 1812 constant,
627 1748 759 1793 uno
823 1726 1072 1811 ingenii
1133 1726 1328 1792 titulo
1393 1727 1946 1792 commendantur.
2048 1725 2159 1791 sed
2220 1726 2370 1792 uide

227 1817 443 1900 simul,
488 1816 641 1901 quid
687 1819 978 1881 ueterum
1015 1814 1329 1881 iudicium
1376 1838 1416 1880 a
1460 1819 1687 1882 nostro
1726 1815 1939 1880 distet.
2013 1837 2159 1880 cum
2197 1816 2370 1881 enim

226 1928 270 1971 a
306 1908 539 1990 poetae
574 1904 976 1989 temporibus
1010 1926 1128 1991 per
1163 1908 1372 1970 totam
1411 1905 1867 1989 antiquitatem
1905 1905 2163 1969 doctam
2202 1904 2369 1969 The-

226 1995 426 2060 baida
491 1993 965 2059 admirarentur
1030 2015 1287 2079 unaque
1352 2016 1498 2059 cum
1561 1992 1838 2080 Uergilii
1901 1992 2187 2059 Aeneide
2252 2016 2371 2079 pro

228 2105 479 2149 canone
522 2082 868 2169 haberent,
914 2083 1027 2149 sed
1071 2084 1268 2149 nauci
1311 2083 1606 2149 facerent
1650 2084 1849 2149 siluas
1895 2083 2063 2148 forte
2108 2082 2371 2149 fortuna

225 2172 301 2237 in
345 2173 535 2238 unico
583 2173 803 2239 codice
849 2177 1167 2240 seruatas:
1222 2195 1347 2239 nos
1394 2176 1647 2258 contra,
1691 2195 1855 2258 quae
1908 2195 2082 2239 nunc
2128 2176 2229 2239 est
2274 2174 2370 2238 iu-

227 2261 487 2327 dicandi
528 2283 780 2348 norma,
823 2261 957 2327 fere
995 2262 1384 2346 despicimus
1422 2262 1760 2328 Thebaida
1795 2265 1871 2329 ut
1908 2286 2071 2348 opus
2107 2266 2372 2347 propter

225 2352 439 2435 ipsam
483 2351 849 2417 doctrinam
892 2351 1179 2416 ieiunum
1235 2351 1773 2438 languidumque,
1828 2352 1940 2417 sed
1994 2352 2370 2417 adamamus

229 2440 431 2505 siluas
475 2440 721 2527 ingenii
766 2441 978 2505 calore
1024 2444 1092 2505 et
1136 2441 1277 2506 sine
1322 2440 1470 2506 fuco
1516 2442 1714 2527 longe
1759 2442 2051 2527 quaesito
2098 2442 2371 2526 scriptas

228 2530 667 2614 uellemusque
721 2529 879 2595 totis
933 2529 1109 2594 illius
1166 2529 1504 2596 duodecim
1556 2530 1769 2615 libris,
1833 2531 1888 2596 si
1940 2531 2080 2596 fieri
2132 2531 2371 2614 liceret,

229 2618 541 2683 redimere
596 2618 837 2685 alteros
890 2618 1122 2684 harum
1177 2618 1479 2705 quinquen
1569 2620 1708 2705 ipse
1761 2620 1963 2706 igitur
2017 2619 2176 2686 artis
2224 2620 2370 2685 doc-

229 2707 568 2794 trinaeque
614 2708 685 2771 in
732 2707 914 2773 siluis
954 2708 1241 2774 defectus
1280 2709 1610 2795 displicuit
1644 2709 1987 2775 ueteribus.
2049 2730 2370 2794 nusquam

232 2800 448 2862 autem
500 2797 712 2884 magis
766 2796 984 2862 iacent
1037 2798 1187 2862 illae
1234 2821 1429 2884 quam
1474 2798 1587 2863 ubi
1634 2795 1733 2884 (in
1777 2798 2370 2883 comparationibus

231 2908 468 3040 mmmbus
467 2886 2371 3063 Sssffifssssebfffflssssffiffffissffiffiffiuuffp3223}ssss

235 3064 645 3150 experientia,
690 3065 969 3130 uirtutes
1015 3062 1227 3130 Statio
1277 3066 1462 3150 quasi
1509 3065 1685 3130 domi
1729 3070 1950 3131 natae.
1996 3068 2067 3131 in
2110 3066 2372 3150 mytho-

233 3152 460 3238 logicis
494 3176 663 3256 opus
692 3158 835 3219 erat
860 3152 1159 3219 doctrina
1186 3157 1252 3218 et
1282 3153 1363 3218 ad
1399 3153 1570 3219 hanc
1607 3155 2108 3241 comparandam
2138 3155 2372 3220 studio.

236 3263 427 3327 quam
487 3243 558 3307 in
620 3265 760 3308 rem
822 3265 970 3308 cum
1034 3246 1327 3327 tempore
1382 3243 1764 3310 deficeretur
1816 3266 2088 3329 cumque
2146 3246 2374 3309 contra

235 3331 523 3417 parergis
587 3331 794 3397 doctis
857 3353 994 3396 non
1056 3330 1257 3396 uellet
1328 3333 1522 3416 plane
1588 3337 1878 3417 expertes
1940 3354 2081 3397 esse
2144 3353 2371 3396 uersus

238 3440 403 3505 31163,
466 3421 549 3485 61)
610 3421 736 3487 1166
797 3422 983 3505 parte
1044 3420 1586 3487 inconsideratius
1650 3425 1842 3505 atque
1908 3420 2068 3485 adeo
2131 3423 2372 3481 temere

337 3522 508 3565 Bra-1¹11
535 3524 743 3568 Sanan.
1906 3521 1945 3573 b
