2517 3909
591 146 656 194 P.
690 144 957 194 PAan
993 145 1224 195 sum
1268 144 1477 193 mn.
1510 147 1650 195 Lm.
1695 149 1793 195 XI.
2067 134 2189 197 233

186 299 405 370 Utitur3
451 300 760 363 indomitos
803 311 865 362 ut
908 318 1080 382 qaum
1121 300 1379 378 Mass-'yla
1424 320 1531 382 per
1574 304 1714 362 arva

181 384 449 446 Armenti
490 403 669 463 reges
706 404 932 464 magno·
957 385 1056 447 leo
1096 385 1277 465 fregit
1316 387 1472 447 hiatu

183 469 266 530 Et
307 478 614 530 contentus
656 470 816 540 abit3·
848 472 1012 533 rauci
1055 479 1191 533 tunc
1243 474 1523 532 cominus·
1546 471 1687 547 ursi,

185 554 352 615 Tune
395 554 546 614 avidi
582 572 804 616 venere
849 555 972 634 lupi
1013 554 1299 635 rabieque
1342 557 1589 617 remissa
2068 594 2075 603 ·
2119 565 2190 620 3⁰

179 638 467 700 Lambunt
511 638 841 716 degeneres
883 640 1110 701 alienae
1152 640 1395 702 vulnera
1426 640 1714 719 rpraedae.

314 722 463 783 Hinc
498 725 709 802 premit
740 722 1146 800 Eurymedon,
1191 727 1295 785 cui·
1314 726 1565 785 rusticas
1595 725 1809 784 horror
1841 725 1897 783 in
1929 727 2122 799 armiS‚

182 808 428 869 Rustica
469 807 587 869 tela
631 825 798 868 manu
840 809 1202 888 patriumque
1243 811 1466 887 agitare
1506 811 1822 870 tumultum.

181 893 305 954 Pan
349 892 436 952 illi
474 893 734 970 genitor;
773 902 946 955 tener
979 893 1116 954 hinc
1158 893 1461 955 conatibus
1505 911 1688 954 annos

179 975 503 1055 Egreditur
541 979 924 1057 iuvenemque
971 987 1194 1057 patrem
1234 997 1387 1058 puer
1424 989 1639 1057 aequat
1674 979 1970 1040 Alatreus.
2092 987 2186 1041 ‚35

179 1061 423 1123 Felices
465 1061 665 1139 ambo,
712 1063 819 1123 sed
858 1062 1206 1124 fortunatior-
1245 1063 1371 1139 ille,

182 1145 377 1221 Quem
421 1147 697 1224 genuisse
739 1149 923 1216 invat3
971 1165 1087 1208 nec
1123 1149 1234 1208 iam
1279 1148 1630 1225 dignoscere
1677 1156 2026 1227 promptum,

183 1230 357 1305 Quae
398 1232 584 1309 magis
621 1249 777 1292 arma
814 1241 1054 1309 sonent,
1100 1238 1217 1311 quo
1259 1233 1394 1311 plus
1441 1241 1537 1294 eat
1586 1233 1751 1293 basta
1787 1232 2032 1292 lacerto.

181 1315 466 1377 Arctatur
507 1315 691 1377 denso
731 1316 1050 1393 fugientum
1092 1318 1357 1378 examine
1398 1317 1631 1378 vallum.

315 1398 477 1474 Quas
511 1400 734 1478 volviS‚
777 1400 1062 1476 Gradive,
1107 1399 1319 1462 vices?
1364 1402 1539 1462 modo
1572 1404 1800 1463 moenia
1833 1399 2033 1462 Cadmi
2117 1410 2191 1465 40

181 1483 592 1562 Scandeham,
639 1502 934 1546 suavnunc
977 1484 1296 1547 defendunt
1338 1495 1496 1548 tecta
1539 1487 1793 1564 Pelasgi.

182 1568 317 1631 Ceu
358 1568 603 1630 redeunt
640 1568 857 1646 nubes3
903 1587 1014 1629 ceu
1058 1570 1549 1632 circumflantibus
1588 1571 1821 1632 Austris

178 1654 470 1716 Alternus
504 1654 832 1733 procumbit
874 1671 1051 1730 ager,
1097 1671 1209 1714 ceu
1251 1657 1495 1733 gurgite
1526 1673 1675 1716 cano

178 1738 354 1801 Nunc
397 1740 612 1816 retegit
653 1738 914 1815 bibulas,
959 1757 1114 1799 nunc
1153 1739 1346 1799 obruit
1389 1748 1587 1801 aestus
1625 1758 1852 1801 arenas.

310 1822 646 1884 Procumbit
688 1823 804 1884 late
846 1823 1035 1902 pubes
1078 1822 1374 1899 Tirynthia
1423 1824 1635 1884 alumni
1670 1848 1675 1852 ·
2120 1834 2186 1888 45

177 1907 444 1970 Exuvias
485 1909 703 1968 imitata
744 1908 868 1976 dei;
914 1917 1047 1975 trux
1086 1917 1313 1969 moeret
1355 1907 1429 1970 ab
1474 1911 1644 1969 astris

178 1992 733 2072 Amphitryoniades
773 1991 1072 2054 Nemeaea
1115 1993 1175 2053 in
1217 1995 1498 2072 sanguine
1540 2001 1729 2070 terga,

177 2077 259 2140 Et
307 2077 528 2138 similes
570 2093 764 2138 ramos
800 2077 1138 2157 similesque
1176 2078 1383 2138 videre
1426 2077 1751 2158 pharetrae.

178 2161 393 2224 Stabat
431 2162 489 2220 in
524 2159 843 2240 Argolicae
882 2162 1102 2223 ferrato
1145 2164 1407 2241 margine
1450 2163 1625 2223 turris

176 2245 484 2326 Egregius
522 2245 663 2307 lituo
703 2246 894 2308 dextri
933 2245 1213 2308 Mavortis
1255 2247 1516 2328 Enipeus
2121 2258 2191 2312 50

174 2331 498 2399 Hortator;
547 2330 651 2392 sed
685 2340 830 2391 tunc
873 2332 1103 2392 miseris
1145 2332 1323 2393 dabat
1365 2333 1506 2393 utile
1556 2333 1782 2410 signum

177 2413 601 2495 Suadebatque
637 2415 832 2493 fugam
869 2424 928 2476 et
964 2424 1120 2477 tutos
1155 2418 1218 2476 in
1252 2428 1446 2479 castra
1478 2427 1779 2496 receptus,

178 2501 378 2576 Quum
420 2500 670 2560 subitum
711 2499 950 2579 obliquo
991 2500 1296 2562 deseendit
1337 2500 1411 2563 ab
1458 2518 1601 2562 aere
1640 2502 1850 2562 vulnus

175 2585 580 2664 Urgentisque
622 2602 826 2645 sonum
865 2584 1034 2645 laeva
1073 2602 1285 2644 manus
1314 2603 1454 2646 aure
1497 2595 1723 2647 retenta
1768 2596 1880 2663 est,

179 2671 354 2731 Sicut
395 2679 552 2738 erat;
596 2669 744 2747 fugit
782 2670 840 2728 in
873 2687 1097 2752 vacuas
1138 2671 1249 2730 iam
1290 2671 1530 2750 spiritus
1572 2688 1765 2747 auras,
2121 2683 2187 2737 55

177 2753 306 2817 Iam
348 2753 546 2831 gelida
589 2769 693 2814 ora
735 2762 965 2829 tacent,
1012 2771 1245 2814 carmen
1284 2754 1425 2815 tuba
1466 2755 1594 2815 sola
1637 2757 1890 2835 peregit.
1939 2803 1944 2808 .

314 2836 552 2916 Iamque
596 2847 810 2916 potens
850 2838 1144 2901 scelerum
1184 2839 1573 2918 geminaeque
1613 2843 1873 2902 exercita
1913 2842 2103 2919 gentis

175 2923 484 3000 Sanguine
524 2921 841 3001 Tisiphone
884 2922 1142 2983 fraterna
1190 2923 1430 2983 cludere
1474 2926 1702 3002 quaerit

171 3006 354 3070 Bella
395 3005 561 3075 tuba;
603 3023 730 3066 nec.
757 3024 825 3066 se
867 3015 1026 3067 tanta
1067 3007 1125 3065 in
1167 3008 1482 3067 certamina
1522 3019 1683 3069 retur

175 3091 512 3167 Sufficeoe,
555 3091 781 3153 interna
819 3093 1088 3151 comitem
1132 3092 1189 3152 ni
1226 3092 1373 3151 sede
1414 3090 1752 3171 Megaeram
2119 3103 2189 3157 60

173 3176 256 3239 Et
305 3177 773 3253 consanguineos
813 3176 875 3234 in
920 3175 1148 3254 proelia
1189 3177 1435 3237 suscitet
1477 3195 1720 3255 angues,

172 3261 347 3339 Ergo
394 3261 602 3338 procul
643 3276 831 3321 vaona
875 3259 1148 3320 consedit
1181 3260 1342 3321 valle
1388 3262 1694 3342 solumque

172 3345 343 3408 Ense
385 3344 534 3405 fodit
571 3344 814 3423 Stygio,
859 3353 1172 3424 terraeque
1213 3347 1584 3408 inmurmurat
1621 3346 1837 3409 absens

172 3430 444 3507 Nomen,
489 3437 549 3489 et
589 3427 809 3506 Elysiis
849 3430 1077 3507 signum
1113 3429 1493 3493 indubitabile
1535 3432 1755 3507 regnis,
