2517 3909
791 163 1211 214 ,mammos
1253 164 1393 216 ΜΒ.
1441 165 1545 212 111.
2095 156 2175 217 65

308 319 501 398 Atque
544 319 646 380 hic
683 319 905 396 ingenti
949 316 1257 398 Capanea
1304 318 1582 382 Mavortis
1626 335 1825 384 amore

173 402 419 464 Excitus
467 412 527 464 et
569 404 803 481 longam
846 405 1070 484 pridem
1114 404 1466 482 indignantia
1512 423 1719 484 pacem

175 487 373 549 Corda
402 498 628 549 tumens
649 519 733 536 -—-
759 486 894 549 huic
927 488 1116 568 ampla
1150 488 1382 568 quidem
1412 489 1485 550 de
1522 492 1805 569 sanguine
1836 494 2033 571 prisco
2071 503 2177 558 600

137 572 493 642 .Nobilitas;
539 573 646 634 sed
682 575 833 634 enim
876 574 1003 653 ipse
1044 591 1212 634 manu
1255 578 1658 655 praegressus
1683 595 1919 638 avorum

167 656 386 736 Facta,
434 658 530 719 diu
575 668 697 720 tuto
746 676 1017 737 superum
1064 668 1433 738 contemptor
1476 669 1539 719 et
1574 663 1746 741 aequi

169 743 469 822 Inpatiens
506 743 823 822 largusque
866 745 1127 821 animae,
1171 743 1346 805 modo
1392 746 1643 806 suaserit
1686 748 1772 808 ira
1814 779 1898 795 —--

169 827 335 888 Unus
380 837 441 888 ut
486 846 520 887 e
567 828 729 888 silvis
772 828 1029 889 Pholoes
1070 827 1362 892 habitator
1402 844 1627 909 opacae

167 911 332 973 Inter
372 921 432 973 et
477 912 779 973 Aetnaeos
815 931 1040 993 aequus
1084 929 1446 991 consurgere
1490 914 1724 992 fratreS,
2070 927 2172 983 605

165 996 328 1057 Ante
370 997 570 1075 fores,
614 996 711 1058 ubi
750 997 917 1060 turba
951 998 1157 1060 ducum
1195 999 1477 1077 vulgique
1521 999 1844 1077 frementis,
1916 1015 1921 1020 ·

165 1081 559 1161 Amphiarae,
606 1092 751 1143 tuas.
839 1082 1043 1157 ‘Quae
1084 1091 1238 1146 tanta
1281 1085 1544 1161 ignavia,
1591 1085 1820 1162 clamat,

171 1164 538 1228 Inachidae?
582 1183 809 1246 vosque
849 1184 885 1229 o
933 1169 1104 1229 socio
1142 1167 1216 1230 de
1260 1169 1545 1245 sanguine
1584 1169 1797 1232 Achivi

164 1250 388 1327 Unius,
431 1252 547 1313 heu
589 1251 833 1331 pudeat!
879 1252 1116 1331 plebeia
1153 1253 1227 1314 ad
1274 1253 1464 1313 limina
1504 1255 1672 1332 civis,
1718 1289 1723 1296 -

172 1335 291 1397 Tot
330 1336 490 1398 ferro
534 1338 834 1398 accinctae
876 1346 1084 1414 gentes
1129 1338 1449 1416 animisque
1493 1348 1730 1417 paratae
2068 1349 2172 1405 610

162 1418 541 1483 Pendemus?
621 1420 754 1481 Non
791 1422 839 1481 si
879 1423 1011 1501 ipse
1057 1440 1210 1484 cavo
1250 1421 1358 1484 sub
1397 1424 1621 1483 vertice
1668 1422 1954 1500 Cyrrhae,

170 1506 457 1585 Quisquis
498 1508 549 1567 is
595 1515 686 1566 est
727 1506 937 1567 timidis
975 1507 1283 1586 famaeque
1326 1509 1403 1568 ita
1437 1509 1631 1587 visua,
1677 1497 1898 1587 Apoll'o

168 1589 395 1668 Mugiat
437 1592 640 1652 insano
679 1592 907 1670 penitus
946 1591 1213 1653 seclusus
1249 1593 1306 1651 in
1346 1600 1535 1669 antro,

164 1672 505 1754 Expectare
552 1693 793 1755 queam,
837 1676 972 1738 dum
1015 1675 1229 1754 pallida
1272 1677 1440 1753 virgo
1480 1677 1816 1737 tremendas

164 1758 406 1819 Nuntiet
449 1759 747 1839 ambages,
837 1759 1036 1821 Virtus
1075 1758 1210 1820 mihi
1254 1778 1463 1820 numen
1511 1769 1569 1820 et
1615 1763 1794 1838 ensiS,
2062 1769 2164 1830 615

168 1843 360 1917 Quem
402 1853 608 1914 tene0;
653 1846 883 1925 iamque
923 1844 1038 1904 huc
1077 1844 1270 1905 timida
1307 1863 1436 1905 cum
1471 1844 1675 1906 fraude
1719 1845 1999 1915 sacerdos

165 1926 393 2005 Exeat,
440 1939 536 1990 aut
576 1928 785 2006 hodie,
823 1928 1125 1994 volucrum
1157 1943 1315 2008 quae
1351 1938 1505 1990 tanta
1551 1938 1836 2008 potestas,

162 2010 505 2092 Experiar?
594 2013 830 2074 Laetum
873 2014 1100 2090 fremit,
1148 2027 1528 2094 assensuque
1552 2015 1838 2075 furentem

162 2097 360 2177 Inplet
398 2097 637 2159 Achaea
674 2116 901 2167 manus;
949 2098 1182 2162 tandem
1223 2113 1610 2177 prorumpere
1655 2099 1894 2159 adactus

166 2180 483 2259 Oeclides,
529 2182 643 2243 alio
688 2201 952 2244 curarum
998 2184 1251 2261 agitante
1295 2183 1566 2244 tumultu:
2063 2193 2169 2249 620

298 2265 467 2326 ‘Non
503 2267 771 2346 equidem
814 2268 1040 2330 effreno
1083 2269 1307 2330 iuvenis
1350 2268 1608 2328 clamore
1656 2268 1885 2346 profani

162 2348 585 2431 Dictorumque
626 2361 813 2429 metu,
859 2353 999 2413 licet
1040 2352 1134 2412 hic
1181 2354 1381 2413 insana
1423 2354 1688 2430 minetur,

164 2433 394 2496 Elicior
436 2436 728 2505 tenebris;
774 2437 887 2498 alio
931 2436 1305 2498 mihi·debita
1344 2438 1464 2500 fato

165 2523 398 2582 Summa
437 2522 605 2598 dies,
646 2522 1001 2601 vetitumque
1045 2520 1166 2582 dari
1214 2520 1554 2581 mortalibus
1596 2521 1786 2581 armis.

164 2604 288 2666 Sed
330 2623 423 2665 me
457 2614 659 2666 vester
692 2621 855 2668 amer
891 2607 1212 2685 nimiusque
1257 2621 1470 2667 arcana
1509 2605 1730 2685 profari
2059 2615 2161 2672 (iffi

162 2689 440 2751 Phoebus
480 2690 629 2768 agit3
674 2689 845 2751 vobis
887 2700 1129 2752 ventura
1170 2699 1348 2770 atque
1394 2707 1594 2768 omne,
1654 2690 1812 2770 quod
1854 2691 2004 2756 ultra
2048 2702 2159 2768 est,

161 2773 427 2835 Pandere
470 2784 731 2835 moestus
772 2791 880 2836 eo:
926 2789 1056 2838 num
1099 2783 1192 2851 te,
1238 2791 1494 2852 vesane,
1538 2776 1763 2836 moneri

162 2858 317 2920 Ante
354 2857 553 2935 nefas,
598 2860 813 2939 unique
858 2860 998 2922 silet
1035 2860 1138 2922 tihi
1173 2870 1377 2924 noster
1417 2859 1655 2940 Apollo.

164 2942 297 3018 Quo
342 2945 540 3004 miseri
581 2944 716 3006 fatis
768 2947 1116 3026 superisque
1164 2945 1526 3010 obstantibus
1570 2964 1747 3022 arma,

163 3027 297 3101 Quo
338 3026 584 3108 rapitis?
624 3045 775 3110 quae
815 3048 925 3093 ves
964 3029 1273 3094 Furiarum
1306 3030 1556 3093 verbera
1602 3047 1818 3092 caecos
2056 3038 2161 3095 630

161 3109 474 3192 Exagitant
494 3112 524 3174 ’ἵ
565 3115 794 3178 adeone
840 3117 1151 3178 animarum
1191 3112 1430 3178 taedet?
1471 3124 1530 3176 et
1570 3115 1769 3193 Argos

159 3193 394 3258 Exosi‘?
438 3199 518 3259 nil
555 3200 725 3262 dulce
769 3198 967 3264 domi?
1004 3201 1163 3262 nulla
1193 3202 1399 3263 ·omina
1436 3197 1658 3261 curae?

165 3279 317 3356 Quid
358 3301 450 3344 me
492 3283 695 3346 Persei
738 3296 970 3348 secreta
1006 3286 1079 3348 ad
1118 3285 1363 3347 culmina
1405 3285 1616 3346 montis

161 3363 259 3426 lre
290 3368 474 3445 gradu
511 3369 744 3450 trepido
787 3388 1160 3451 superosque
1200 3371 1531 3450 inrumpere
1575 3378 1777 3430 coetus

163 3447 433 3529 Egistis?
504 3453 671 3518 Potui
709 3457 930 3537 pariter
970 3456 1236 3537 nescire,
1283 3457 1414 3537 quis
1460 3455 1629 3518 armis
2054 3460 2158 3516 635

250 3555 518 3603 summs
561 3560 636 3602 11.
1789 3538 1826 3596 5
