2517 3909
365 128 482 189 166
1030 135 1405 185 P.PAP1N11
1447 135 1678 186 STATII

360 293 526 369 Quae
569 311 773 372 pacem
815 292 999 370 magis
1044 292 1188 374 hora
1231 292 1408 374 velit,
1449 295 1576 373 quis
1611 294 1723 356 iam
1759 310 1928 354 omne
1966 287 2216 357 futurum
2267 306 2370 360 180

359 378 662 454 Proferet,
710 386 807 438 aut
852 394 980 437 cum
1022 394 1142 456 quo
1183 378 1458 437 volucres
1502 396 1631 438 mea
1673 379 1793 438 fata
1837 378 2194 458 loquentur?

355 464 480 525 Hos
525 480 758 542 quoque
802 461 1090 523 bellorum
1132 481 1305 524 casus
1347 457 1636 542 nobisque
1680 462 1898 542 tibique

356 548 764 623 Praescieras‚
809 556 870 607 et
908 581 991 592 —
1021 556 1247 647 ‘quanta
1288 564 1458 607 sacro
1506 546 1615 607 sub
1657 557 1905 626 pectore
1950 549 2163 611 virtus!
2211 584 2302 595 --

356 633 583 692 Venisti
626 641 817 692 tamen
863 640 924 692 et
961 633 1188 692 miseris
1228 649 1427 692 comes
1465 632 1690 692 additus
1735 633 1926 693 armis.

358 715 435 777 Et
473 735 645 795 quum
686 726 747 776 te
791 715 966 776 tellus
1010 716 1322 795 fatalisque
1361 717 1505 777 hora
1548 726 1814 793 vocaret,
2264 728 2366 783 185
2476 679 2481 870 Ι

361 801 448 862 Tu
494 800 698 876 Tyrias
745 803 907 861 acies
950 801 1314 880 adversaque
1352 803 1515 879 signa
1555 803 1778 861 vacasti

361 887 673 954 Sternere;
717 893 854 945 tunc
899 888 1070 947 etiam
1115 887 1304 946 media
1348 885 1422 945 de
1467 894 1654 946 morte
1695 885 2003 947 timendum

359 970 638 1030 Hostibus
682 970 1013 1050 infestaque
1058 969 1364 1031 abeuntem
1405 970 1649 1031 vidimus
1688 969 1876 1031 hasta.

358 1054 435 1116 Et
477 1074 628 1114 nunc
669 1064 726 1114 te
771 1056 898 1133 quis
937 1072 1106 1115 casus
1145 1052 1362 1115 habet?
1407 1056 1707 1134 poterisne
1742 1058 1962 1116 reverti

361 1138 615 1202 Sedibus
660 1157 693 1199 a
737 1140 954 1217 Stygiis
995 1141 1227 1218 altaque
1268 1157 1575 1218 erumpere
1615 1137 1816 1199 terra?
2264 1152 2369 1207 190

357 1224 528 1284 Anne
574 1224 749 1283 sedes
793 1223 990 1283 hilaris
1031 1226 1189 1284 iuxta
1223 1233 1322 1284 tua
1365 1224 1589 1284 numina
1632 1223 1867 1284 Parcas-

359 1309 435 1370 Et
477 1310 609 1368 vice
647 1309 925 1368 concordi
961 1308 1143 1369 discis
1186 1317 1431 1369 ventura
1472 1305 1815 1388 docesque?

361 1394 454 1453 An
496 1392 600 1453 tibi
636 1392 847 1452 felices
891 1391 1058 1453 lucos
1100 1394 1406 1454 miseratus
1443 1391 1664 1453 Averni

360 1478 582 1538 Rector
625 1485 684 1536 et
728 1476 960 1552 Elysias
1001 1477 1160 1537 dedit
1201 1480 1501 1538 inservare
1545 1473 1862 1537 volucres?

362 1561 649 1640 Quidquid
693 1580 792 1660 es,
839 1570 1111 1623 aeternus
1155 1539 1395 1623 Phoebo
1443 1562 1614 1622 dolor
1658 1570 1717 1621 et
1755 1578 1906 1621 nova
1958 1561 2164 1623 clades
2273 1574 2372 1628 195

360 1648 610 1725 Semper
656 1663 805 1722 eris,
845 1648 1131 1726 mutisque
1171 1646 1265 1707 diu
1313 1646 1626 1726 plorabere
1659 1644 1929 1724 Delphis,

357 1732 466 1792 Hic
506 1729 787 1790 Tenedon
828 1729 1223 1809 cyrrhamque
1269 1732 1395 1791 dies
1435 1741 1719 1810 partuque
1760 1731 1996 1808 ligatam

357 1814 551 1877 Delon
599 1825 657 1875 et
698 1816 909 1875 intonsi
956 1815 1151 1875 cludet
1187 1816 1510 1894 penetralia
1544 1815 1819 1885 Branchi;

359 1900 490 1961 Nec
537 1897 761 1960 Clarias
807 1899 917 1960 hac
958 1900 1090 1960 luce
1135 1899 1299 1960 fores
1343 1899 1779 1979 Didymaeaque
1820 1900 2128 1979 quisquam

360 1985 608 2061 Limina,
653 2001 765 2044 nec
809 1983 1040 2059 Lyciam
1083 1985 1334 2064 supplex
1379 1985 1678 2044 consultor
1714 1983 1910 2044 adibit.
2262 1998 2367 2050 200

362 2069 515 2143 Quin
555 2078 614 2129 et
654 2069 946 2146 cornigeri
985 2070 1134 2130 vatis
1165 2074 1380 2128 ‘nemus
1425 2078 1600 2147 atque
1642 2067 1889 2129 Molossi

362 2153 631 2227 Quercus
673 2153 884 2213 anhela
927 2153 1082 2212 lovis
1127 2153 1492 2232 Troianaque
1536 2153 1825 2230 Thymbra
1865 2153 2104 2213 tacebit.

362 2237 483 2316 Ipsi
526 2256 723 2299 amnes
767 2239 1051 2316 ipsaeque
1086 2239 1288 2298 volent
1330 2256 1604 2299 arescere
1649 2239 1863 2298 laurus.

365 2323 502 2401 Ipse
547 2322 686 2382 nihil
726 2330 943 2382 certum
990 2325 1148 2400 sagis
1190 2322 1565 2400 clangoribus
1604 2322 1808 2384 aether

361 2406 703 2482 Praecinet‚
745 2415 803 2466 et
837 2406 994 2467 nulla
1032 2407 1312 2468 ferientur
1350 2407 1421 2476 ab
1456 2408 1596 2467 alite
1632 2406 1838 2468 nubes.
2260 2418 2363 2472 205

362 2490 599 2569 Iamque
647 2492 754 2550 erit
798 2491 899 2551 ille
942 2491 1097 2568 dieS‚
1142 2509 1258 2571 quo
1301 2500 1360 2551 te
1405 2508 1640 2571 quoque
1688 2493 1925 2553 conscia
1969 2492 2073 2551 fati

362 2574 605 2652 Templa
648 2576 842 2636 colant
881 2576 1201 2655 reddatque
1243 2586 1374 2636 tuus
1411 2593 1696 2658 responsa
1743 2577 2069 2637 sacerdos.'

492 2658 654 2719 Talia
697 2660 935 2721 fatidico
981 2670 1268 2739 peragunt
1310 2660 1614 2721 sollemnia
1656 2663 1807 2737 regi,

363 2741 489 2804 Ceu
527 2744 783 2804 flammas
826 2763 895 2804 ac
937 2745 1087 2805 dona
1128 2762 1279 2823 rogo
1316 2747 1632 2825 tristesque
1658 2744 1980 2823 rependant

360 2827 658 2907 Exequias
680 2874 697 2904 ,
743 2829 1020 2908 mollique
1061 2832 1302 2890 animam
1337 2829 1550 2890 tellure
1592 2838 1895 2909 reponant.
2148 2871 2157 2880 -
2260 2844 2360 2896 210

359 2911 572 2973 Fracta
616 2913 825 2973 dehinc
870 2916 1090 2973 cunctis
1131 2931 1461 2992 aversaque
1507 2924 1748 2993 pectora
1789 2913 1971 2974 bello.

364 2997 463 3058 Sic
507 2997 693 3057 fortes
738 2996 960 3072 Minyas
1006 2999 1199 3059 subito
1250 3016 1422 3077 quum
1457 3000 1663 3059 funere
1709 2997 1928 3076 Tiphys

309 3111 324 3125 ·
361 3080 670 3157 Destituit,
717 3098 833 3140 non
878 3099 1034 3143 arma
1077 3085 1280 3162 sequi,
1327 3101 1441 3143 non
1485 3085 1644 3144 ferre
1686 3082 1913 3143 videtur

361 3164 578 3226 Remus
622 3183 836 3243 aquas,
886 3167 1115 3265 ipsique
1155 3169 1340 3227 minus
1380 3170 1491 3228 iam
1529 3168 1749 3228 ducere
1791 3168 1970 3227 venti.

490 3248 607 3308 Iam
650 3249 823 3308 fessis
868 3253 1086 3326 gemitu
1124 3252 1399 3328 paulatim
1444 3253 1621 3313 corda
1664 3251 1901 3312 levabat
2259 3265 2353 3317 215

360 3331 693 3392 Exhaustus
736 3349 1005 3393 sermone
1052 3334 1252 3410 dolor,
1299 3353 1531 3414 noxque
1577 3335 1767 3397 addita
1803 3354 1975 3397 curas

365 3413 605 3491 Obruit,
654 3423 715 3475 et
755 3416 943 3478 facilis
988 3418 1239 3480 lacrimis
1284 3421 1556 3501 inrepere
1602 3438 1853 3482 somnus.

2478 575 2481 584 ι

2478 593 2481 608 l
