2517 3909
854 163 1256 220 wasemes
1290 166 1430 218 un.
1462 168 1556 218 vr.
2097 158 2214 224 133

225 317 556 383 Fulmineas
597 318 717 383 alte
756 321 1027 403 suspensi
1069 339 1324 404 corpora
1364 323 1575 404 plantis
2117 335 2221 394 760

223 406 493 468 Erexere
529 422 762 477 manus;
804 414 928 467 tuto
969 408 1179 487 procul
1222 426 1328 470 ora
1370 427 1616 474 recessu
1700 471 1705 476 ,

222 490 536 553 Armorum
573 493 633 553 in
667 491 945 569 speculis,
986 492 1289 573 aditusque
1328 493 1402 556 ad
1436 493 1679 558 vulnera
1712 493 1879 557 elusi.

222 575 337 637 Hic
379 583 626 656 quantus
662 575 881 654 Stygiis
924 574 1127 654 Tityos
1171 588 1489 657 consurgat
1534 578 1608 641 ab
1651 580 1830 658 arvis,

223 662 291 722 Si
332 668 537 721 torvae
575 660 861 741 patiantur
901 678 1043 722 aves
1057 706 1076 740 ,
1119 670 1277 724 tanta
1315 663 1568 742 undique
1612 663 1808 744 pandit

221 744 617 807 membrorum
659 746 847 824 spatia
889 755 949 807 et
981 748 1153 810 tantis
1196 746 1361 810 ferus
1394 747 1629 810 ossibus
1667 757 1845 814 extat.
2115 756 2217 813 ‘755

221 829 336 890 Hic
371 830 551 910 paulo
590 837 722 891 ante
759 848 936 910 puer,
980 830 1087 894 sed
1126 832 1279 894 euim
1320 832 1595 900 manitius
1639 849 1789 896 aevo

225 912 461 991 Robur,
508 923 567 974 et
601 914 867 992 ingentes
909 915 1160 995 spondet
1192 925 1363 978 tener
1396 917 1643 997 inpetus·
1671 934 1876 994 annos,

225 998 415 1073 Quem
455 998 611 1061 vinci
651 998 802 1062 haud
846 1000 1180 1080 quisquam,
1223 1018 1405 1064 saeuo
1450 1020 1564 1064 nec
1605 1002 1885 1082 snguine
1922 1002 2066 1080 tingi

219 1083 422 1159 Melit,
471 1091 531 1143 et
574 1092 776 1148 erecto
817 1085 1012 1146 timeat
1041 1085 1384 1166 spectacula
1424 1095 1586 1149 voto.

348 1166 425 1228 Ut
472 1185 608 1228 sese
648 1170 946 1247 permensi
981 1170 1200 1246 oculis,
1242 1179 1325 1236 et·
1347 1179 1593 1251 uterque
1637 1171 1894 1251 priorem
2114 1179 2219 1236 760
2299 1225 2306 1232 .

226 1252 562 1331 Spei-avere
606 1251 830 1331 locum,
876 1270 991 1315 nou
1032 1255 1299 1335 protinu
1338 1256 1458 1332 ira,
1496 1274 1612 1317 nec
1652 1257 1835 1330 ictum

225 1337 508 1397 Alternus
547 1336 780 1416 paulum
819 1337 992 1402 timor
1028 1347 1090 1400 et
1128 1338 1415 1420 permixta
1452 1341 1637 1404 furori

228 1419 523 1499 Consilia,
563 1420 839 1483 inclinant
877 1430 1093 1486 tantum
1136 1426 1427 1487 contraria
1469 1425 1625 1490 iactu

228 1504 476 1567 Brachia
491 1549 510 1581 ,
555 1513 618 1567 et
657 1506 965 1587 explorent
1003 1517 1238 1572 caestus
1278 1507 1672 1590 hebetantque
1714 1508 1979 1572 terendo.

354 1588 602 1652 Doctior
642 1589 739 1652 hic
781 1591 975 1653 differt
1015 1593 1678 1674 animummetuensque
1713 1593 1889 1658 futuri
2115 1600 2218 1660 765

230 1672 548 1735 Cunctatus
582 1674 742 1736 vires
783 1674 1111 1756 dispensat:
1154 1686 1214 1738 at
1247 1675 1353 1739 ille
1393 1678 1642 1742 nocendi

228 1758 517 1837 Prodigus
552 1759 932 1839 incautusque
976 1761 1065 1822 sui
1106 1762 1219 1822 ruit
1255 1762 1473 1839 omnis‚
1510 1771 1573 1823 et
1608 1760 1808 1823 ambas

232 1841 532 1906 Consumit
568 1843 695 1906 sine
738 1843 876 1922 lege
917 1863 1149 1923 manus,
1195 1854 1373 1925 atque
1410 1846 1577 1907 inrita
1617 1845 1833 1907 frendit

231 1929 546 2005 insurgens
585 1945 771 2007 seque
809 1930 937 2009 ipse
980 1930 1210 2009 premit.
1295 1929 1418 1993 Sed
1458 1930 1735 2010 providus
1778 1937 1905 1991 astu

231 2012 310 2074 Et
351 2012 535 2092 patria
576 2013 719 2091 vigil
762 2023 886 2074 arte
926 2013 1122 2078 Lacon
1157 2014 1270 2082 hos
1305 2014 1477 2076 reicit
1514 2015 1683 2092 ictus,
2118 2019 2224 2078 770

232 2097 359 2158 Hos
400 2105 594 2167 cavet3
638 2097 923 2160 interdum
957 2108 1104 2161 nutu·
1132 2100 1460 2179 capitisque
1505 2099 1661 2161 citati
2204 2119 2217 2128 “

229 2180 472 2261 Integer
512 2180 832 2261 obsequio,
875 2182 1135 2248 mnibus
1177 2202 1331 2246 nunc
1375 2183 1551 2248 obvia
1585 2181 1706 2245 tela

230 2266 600 2343 Discutiens,
645 2266 818 2328 instat
857 2285 1068 2344 gressu
1104 2269 1383 2348 vultuque
1425 2267 1677 2337 reoedit3

234 2352 435 2430 Saepe
476 2351 648 2412 etiam
688 2351 911 2414 iniustis
954 2352 1228 2415 collatum
1265 2353 1485 2414 viribus
1519 2352 1773 2429 hostem,

233 2434 294 2497 Is
339 2436 513 2514 vigor
554 2436 819 2514 ingenio,
865 2445 1018 2499 tauta
1060 2439 1421 2517 experientia
1462 2437 1705 2501 dextrae
1748 2443 1863 2512 est,
2121 2442 2224 2501 775

235 2519 406 2581 Ultro
449 2519 641 2581 audax
682 2520 883 2584 animis
915 2523 1204 2601 intratque
1249 2532 1312 2584 et
1348 2521 1651 2584 obumbrat
1691 2529 1751 2582 et
1791 2520 1913 2584 alte

234 2603 464 2666 Assilit.
523 2603 600 2666 Ut
643 2622 935 2685 praeceps
980 2605 1209 2667 cumulo
1249 2605 1383 2669 salit
1422 2605 1577 2670 unda
1612 2606 1894 2668 minantes

233 2686 302 2750 In
344 2688 626 2770 scopulos
666 2698 726 2750 et
749 2689 950 2752 ‚fracta
993 2689 1178 2768 redit,
1225 2691 1313 2754 sic
1356 2690 1458 2752 ille
1501 2689 1805 2752 furentem·

233 2770 459 2834 Circuit
501 2791 871 2854 expugnans3
919 2774 1078 2836 levat
1118 2793 1266 2837 ecce
1311 2774 1523 2856 diuque
1564 2776 1807 2838 minatur

232 2856 302 2919 In
341 2857 490 2920 latus
532 2859 708 2938 inque
749 2857 989 2929 oculos;
1033 2859 1194 2922 illum
1234 2859 1419 2944 rigida
1456 2878 1613 2923 arma
1654 2866 1957 2922 caventem
2124 2865 2228 2923 780
2254 2875 2269 2892 ·

232 2940 500 3021 Avocat,
546 2951 608 3004 et
648 2941 908 3008 manibus
948 2945 1299 3023 necopinum
1339 2944 1632 3016 interserit
1671 2945 1847 3006 ictum
2066 2961 2078 2975 ·
2226 2957 2231 2960 “

237 3023 501 3088 Callidus
543 3045 615 3096 ac
648 3027 895 3089 mediam
938 3027 1204 3105 designat
1235 3028 1481 3090 vulnere
1521 3028 1791 3094 frontem.

359 3110 482 3172 Iam
517 3127 724 3189 cruor,
773 3120 837 3173 et
874 3112 1074 3192 tepido
1118 3114 1417 3190 signatu
1447 3121 1715 3193 tempora
1750 3113 1900 3176 rivo.

234 3193 445 3257 Nescit
484 3194 670 3257 adhuc
714 3191 1024 3276 Capaneus
1062 3196 1429 3277 subitumque
1472 3216 1580 3277 per
1612 3197 1851 3275 agmina.
1879 3212 2126 3260 murmur

234 3278 504 3350 Miratur3
550 3298 752 3350 verum
798 3290 857 3342 ut
898 3280 1115 3344 fessam
1154 3300 1334 3361 super
1380 3298 1485 3344 ora
1522 3280 1755 3346 reduxit
2066 3303 2071 3310 ·
2126 3286 2228 3344 785

236 3363 421 3425 Forte
456 3381 682 3426 manum
724 3374 784 3426 et
827 3382 1046 3430 summo
1088 3365 1345 3428 maculas
1381 3366 1441 3426 in
1478 3366 1706 3430 vellere
1738 3356 1917 3441 vidit(

238 3446 375 3509 Non
414 3448 548 3527 leo,
589 3466 708 3511 non
748 3450 942 3514 iaculo
984 3459 1198 3524 tantum
1242 3451 1535 3532 indignata
1575 3456 1827 3529 recepto
1960 3509 1965 3516 .
