2517 3909
825 146 1226 197 THEBAIDOS
1271 148 1411 196 mn.
1457 149 1581 198 vn.
2072 136 2188 196 147

206 300 464 364 Cassidis
497 317 722 381 aequus
761 321 946 383 apex;
989 304 1200 365 utinam
1244 304 1395 365 haec
1432 303 1745 365 concordia
1785 303 2069 364 nostris!'

338 385 445 447 Cui
483 389 681 449 senior
721 389 944 450 ridens:
1002 387 1168 448 ‘Non
1210 390 1390 468 prima
1435 406 1637 449 errore
1676 387 1903 448 videndi

203 471 489 548 Falleris,
531 471 855 551 Antigone:
896 473 1053 534 multi
1093 472 1235 550 hoe,
1281 492 1410 534 nam
1456 473 1672 551 decipit
1712 477 1905 548 aetas3
2090 484 2190 539 295

202 555 491 616 Dixerunt
531 557 763 619 fratres.
849 558 1021 620 Pater
1058 567 1148 618 est
1191 567 1508 637 natusque,
1560 556 1665 617 sed
1701 559 1831 617 aevi

207 639 544 702 Confudere
583 643 819 704 modos:
867 660 1105 722 puerum
1142 641 1481 722 Lapithonia
1516 640 1765 719 nympha

204 725 463 786 Dircetis
499 737 802 806 expertem
843 727 1076 789 thalami
1121 727 1474 806 crudumque
1517 726 1734 787 maritis

204 809 443 888 Ignibus
480 820 613 872 ante
658 812 810 873 diem
853 812 1064 890 cupido
1105 811 1348 872 violavit
1390 829 1621 886 amore,

205 893 458 974 Inproba
502 895 757 966 conubii;
801 915 912 958 nec
953 896 1188 975 longum
1229 905 1291 957 et
1329 895 1574 973 pulcher
1606 894 1922 956 Alathreus
2091 905 2198 959 300

205 978 447 1056 Editus,
488 998 559 1040 ac
601 983 817 1060 primae
859 983 1185 1060 genitorem
1225 982 1284 1040 in
1325 981 1473 1041 flore
1514 981 1782 1041 iuventae

208 1061 601 1143 Consequitur
638 1067 926 1145 traxitque
967 1075 1134 1126 notas
1180 1075 1240 1126 et
1281 1066 1512 1126 miscuit
1557 1081 1757 1143 annos.

205 1146 284 1209 Et
325 1166 478 1209 nunc
522 1150 609 1210 sic
647 1150 860 1212 fratres
900 1152 1140 1211 mentito
1182 1152 1412 1214 nomine
1460 1149 1746 1228 gaudent,

205 1232 343 1294 Plus
387 1242 582 1312 pater;
623 1234 774 1296 hunc
817 1235 954 1296 olim
995 1237 1151 1296 iuvat
1189 1244 1250 1296 et
1288 1244 1529 1296 ventura
1573 1242 1869 1294 senectus.

208 1316 558 1378 Tercentum
597 1321 830 1398 genitor
873 1320 1228 1399 totidemque
1274 1322 1331 1380 in
1375 1318 1601 1399 proelia
1642 1328 1810 1379 natus
2092 1328 2194 1382 305

204 1401 503 1463 Exercent
546 1405 807 1484 equites:
851 1404 909 1466 hi
949 1404 1282 1466 deseruisse
1316 1405 1577 1466 feruntur

204 1486 438 1547 Exilem
480 1487 737 1550 Glisanta
774 1486 1250 1567 Coroneamque‚
1299 1490 1558 1554 feracem

205 1570 404 1632 Messe
449 1570 809 1648 Coroneam,
851 1573 1084 1636 Baccho
1130 1573 1384 1634 Glisanta
1430 1573 1714 1634 colentes.

205 1657 330 1718 Sed
373 1658 565 1736 potius
610 1657 807 1717 celsos
851 1657 1206 1718 umbrantem
1248 1656 1399 1717 hunc
1437 1658 1676 1736 adspice
1722 1658 1837 1718 late

202 1740 444 1820 Hypsea
488 1741 896 1821 quadriiugos,
944 1741 1123 1821 clipei
1166 1741 1554 1820 septemplice
1597 1750 1763 1803 tauro
2092 1753 2196 1806 310

202 1823 433 1902 Laeva,
479 1835 571 1886 ter
610 1827 799 1886 insuto
844 1836 1171 1888 servantem
1216 1827 1470 1904 ingentia
1516 1826 1678 1885 ferro

205 1909 489 1971 Pectora:
538 1929 667 1972 nam
709 1920 877 1989 tergo
922 1929 1224 1991 numquam
1268 1920 1473 1972 metus.
1562 1908 1739 1970 Hasta
1778 1920 2064 1974 vetustum

207 1995 496 2056 Silvarum
536 1996 751 2075 decuS,
794 1997 1041 2056 emissae
1084 1997 1177 2056 cui
1215 1995 1420 2075 pervia
1466 2012 1703 2072 semper

200 2080 498 2159 Armaque
539 2089 901 2159 pectoraque
941 2090 1000 2141 et
1040 2098 1345 2159 numquam
1390 2097 1590 2140 manus
1624 2081 1792 2141 inrita
1833 2082 1974 2140 voti.

205 2163 448 2244 Asopos
483 2165 760 2242 genuisse
797 2166 997 2240 datur,
1043 2165 1365 2242 dignusque
1410 2164 1596 2226 videri
2093 2173 2196 2230 315

205 2248 370 2309 Tunc
412 2259 615 2328 pater,
657 2248 915 2328 abruptis
953 2267 1125 2328 quum
1168 2249 1622 2311 torrentissimus
1668 2251 1787 2308 exit

203 2332 516 2411 Pontibus,
555 2343 653 2395 aut
694 2343 864 2395 natae
907 2334 1151 2396 tumidus
1197 2352 1370 2413 quum
1406 2333 1646 2410 virginis
1691 2334 1847 2393 ultor

203 2417 463 2478 Flumina
507 2420 799 2480 concussit
837 2437 1117 2497 generum
1151 2419 1443 2495 indignata
1493 2417 1827 2477 Tonantem.

202 2500 469 2581 Namque
510 2504 702 2566 ferunt
744 2514 967 2582 raptam
1010 2505 1209 2583 patriis
1253 2503 1524 2580 Aeginan
1567 2501 1640 2561 ab
1686 2503 1850 2561 undis

202 2586 496 2665 Amplexu
535 2588 776 2649 latuisse
817 2587 992 2649 Iovis.
1079 2587 1240 2647 Furit
1279 2588 1492 2659 amnis,
1544 2595 1604 2645 et
1645 2588 1813 2647 astris
2101 2597 2205 2651 320

203 2670 480 2732 Infensus
518 2672 747 2733 bellare
794 2682 958 2754 parat
983 2707 1087 2724 .—-
1126 2672 1375 2734 nondum
1419 2673 1530 2730 ista
1572 2669 1828 2731 licebant

200 2753 335 2817 Nec
378 2758 607 2836 superis
648 2780 762 2826 -;
808 2759 968 2817 stetit
1006 2758 1259 2818 audaces
1303 2756 1522 2816 effusus
1561 2756 1618 2814 in
1659 2756 1808 2830 irae,

204 2838 632 2921 conseruitque
667 2860 867 2903 manus
908 2859 1022 2902 nec
1066 2860 1235 2921 quem
1279 2840 1600 2920 inploraret
1640 2839 1923 2918 habebat,

202 2923 416 2985 Donec
459 2927 515 2985 vi
552 2928 798 2987 tonitrus
838 2926 1134 2988 submotus
1182 2936 1238 2987 et
1281 2928 1415 3004 igne
1459 2924 1702 2985 trisulco

208 3006 425 3069 Gessit.
512 3010 721 3071 Adbuc
764 3011 910 3089 ripis
952 3013 1242 3073 animosus
1281 3029 1500 3087 gurges
1544 3009 1766 3072 anhelis
2097 3018 2201 3072 325

203 3091 567 3154 Fulmineum
611 3096 867 3156 cinerem
907 3113 1272 3175 magnaeque
1317 3094 1558 3172 insignia
1604 3112 1829 3174 poenae

207 3177 436 3239 Gaudet
481 3187 538 3238 et
580 3179 884 3241 Aetnaeos
924 3182 981 3241 in
1027 3180 1256 3241 coelum
1300 3179 1507 3240 efflare
1546 3197 1821 3258 vapores.

207 3260 410 3324 Talem
458 3261 711 3325 Cadmeo
755 3265 1086 3325 mirabimur
1121 3264 1359 3344 Hypsea
1405 3281 1647 3343 campo,

205 3347 269 3408 Si
314 3347 487 3408 modo
534 3349 788 3427 placavit
830 3350 982 3410 felix·
1016 3350 1244 3427 Aegina
1286 3349 1622 3410 Tonantem.

202 3430 379 3493 Ducit
414 3432 727 3494 Ithonaeos
769 3443 830 3495 et
872 3434 1330 3498 Alalcomenaea
1367 3433 1667 3496 Minervae
1751 3513 1872 3575 10*
2101 3441 2208 3496 330
