2517 3909
287 119 413 181 270
979 131 1043 180 P.
1085 131 1353 181 PAPINII
1395 130 1628 181 sumn

282 285 598 368 Hippolyte
640 293 883 355 turmasz
928 286 1139 349 retinet
1179 288 1291 350 iam
1336 296 1495 348 certa
1538 286 1810 348 tumentis

285 375 440 452 Spes
483 372 661 447 uteri,
709 372 1036 451 coniuxque
1077 382 1249 451 rogat
1286 372 1573 433 dimittere
1617 389 1788 435 curas

282 457 482 519 Martis
526 466 585 516 et
626 458 895 516 emeritas
938 456 1189 518 thalamo
1233 474 1468 521 sacrare
1512 458 1862 537 pharetras.-

411 541 533 601 Hos
573 539 670 600 ubi
713 540 871 601 velle
914 542 1073 602 acies
1119 552 1178 602 et
1219 541 1376 603 dulci
1418 540 1678 618 gliscere
1724 541 1887 601 ferro

284 626 419 688 Dux
458 625 649 701 videt,
699 633 877 704 utque
923 627 1033 705 piis
1076 628 1282 706 raptim
1327 626 1465 688 dent
1507 626 1709 687 oscula
1753 626 1904 685 natis
2175 635 2288 692 640

281 710 720 790 Amplexusque
767 709 1015 787 breves,
1061 729 1233 772 curru
1272 711 1362 771 sic
1402 711 1551 772 fatur
1592 710 1665 772 ab
1711 710 1862 771 alto:

285 796 631 856 ‘Terrarum
672 793 843 872 leges
884 803 945 859 et
985 795 1176 857 mundi
1215 794 1466 856 foedera
1507 813 1732 856 mecum

281 880 617 941 Defensura
657 897 889 957 manus,
933 880 1137 957 dignas
1179 880 1446 940 insumite
1491 889 1715 940 mentes

288 963 639 1043 Coeptihus;
685 962 797 1024 hac
839 981 1063 1025 omnem
1105 965 1412 1044 divumque
1456 965 1864 1044 hominumque
1903 962 2171 1026 favorem

278 1048 670 1127 Naturamque
716 1048 918 1109 ducem
963 1058 1284 1129 coetusque
1327 1048 1551 1110 silentis
1586 1049 1805 1109 Averni
2169 1059 2279 1114 645

282 1136 453 1195 Stare
497 1134 686 1212 palam
730 1142 846 1200 est:
890 1134 1015 1195 illie
1054 1135 1374 1195 Poenarum
1417 1135 1676 1195 exercita
1714 1131 1934 1193 Thebis

282 1218 562 1296 Agmina,
609 1225 668 1277 et
708 1220 1085 1295 anguicomae
1127 1218 1338 1280 ducent
1377 1219 1596 1280 vexilla
1636 1235 1897 1278 sorores.

282 1303 370 1364 Ite
410 1303 639 1363 ⁴alacres
679 1311 1020 1382 tantaeque,
1069 1320 1321 1382 precor,
1366 1303 1638 1364 confidite
1682 1306 1940 1365 causae?

411 1386 600 1463 Dixit,
645 1396 705 1447 et
747 1389 957 1449 emissa
997 1406 1288 1467 praeceps
1329 1387 1441 1448 iter
1475 1387 1709 1449 inchoat
1745 1387 1926 1449 hasta.
2122 1450 2128 1457 ,

282 1472 484 1547 Qualis
523 1470 942 1550 Hyperboreos
983 1472 1080 1532 ubi
1120 1472 1348 1533 nubilus
1388 1473 1591 1532 institit
1634 1490 1776 1534 axes
2166 1481 2281 1538 650

280 1556 546 1636 Iuppiter
589 1565 647 1615 et
685 1557 865 1634 prima
905 1557 1235 1619 tremefecit
1277 1557 1469 1618 sidera
1508 1555 1736 1623 bruma:

281 1639 582 1719 Rumpitur
621 1638 866 1717 Aeolia,
912 1651 972 1702 et
1012 1641 1246 1719 longam
1289 1641 1580 1719 indignata
1623 1642 1875 1720 quietem

284 1725 462 1786 Tollit
501 1724 685 1785 hiems
728 1727 947 1786 animos
986 1735 1349 1805 ventosaque
1391 1726 1585 1786 sibilat
1620 1726 1858 1785 Arctos·

283 1810 445 1870 Tunc
486 1819 710 1870 montes
753 1812 1057 1889 undaeque
1097 1811 1377 1885 fremunt,
1422 1820 1558 1870 tunc
1599 1809 1826 1889 proelia
1870 1812 2061 1873 caesis

279 1894 541 1955 Nubibus
579 1904 637 1954 et
678 1897 924 1956 tonitrus
965 1896 1283 1974 insanaque
1322 1894 1556 1955 fulmina
1592 1893 1862 1972 gaudent.
2170 1904 2279 1960 655

407 1979 527 2041 Icta
570 1981 747 2057 gemit
784 1980 993 2057 tellus,
1040 1980 1255 2040 virides
1297 1980 1497 2057 gravis
1537 1979 1750 2056 ungula
1790 1996 2026 2058 campos

279 2063 492 2141 Mutat,
539 2074 597 2124 et
639 2065 947 2127 innumeris
990 2065 1364 2144 peditumque
1408 2065 1775 2143 equitumque
1812 2066 2065 2127 catervis

276 2148 523 2229 Expirat
565 2150 838 2227 protritus
881 2167 1055 2228 ager,
1100 2168 1214 2210 nec
1253 2150 1498 2230 pulvere
1542 2165 1746 2209 crasso

278 2235 585 2294 Armorum
633 2234 733 2294 lux
774 2235 928 2295 victa
971 2235 1153 2314 perit,
1199 2235 1308 2295 sed
1350 2236 1408 2294 in
1449 2234 1688 2294 aethera
1729 2232 1963 2310 longum

279 2318 613 2397 Frangitur,
661 2328 719 2378 et
760 2319 963 2380 mediis
1006 2319 1211 2381 ardent
1249 2320 1307 2378 in
1350 2317 1593 2378 nubibus
1637 2317 1855 2378 hastae.
2167 2327 2276 2381 660

277 2403 526 2464 Noctem
567 2403 717 2463 adeo
761 2402 1136 2482 placidasque
1180 2404 1350 2483 operi
1385 2405 1625 2463 iunxere
1671 2402 1947 2463 tenebras

281 2487 703 2567 Certamenque
741 2489 965 2548 inmane
1007 2489 1178 2564 viria,
1224 2505 1340 2566 quo
1386 2489 1614 2548 concita
1657 2487 1892 2547 tendant

275 2573 554 2650 Agmina,
600 2573 727 2651 quis
770 2574 926 2633 visas
966 2573 1290 2652 proclamet
1330 2571 1402 2633 ab
1447 2590 1670 2650 aggere
1709 2571 1963 2647 Thebas,

283 2655 461 2718 Cuius
500 2659 558 2716 in
602 2656 831 2735 Ogygio
874 2666 988 2718 stet
1028 2658 1305 2736 princeps
1348 2657 1552 2719 lancea
1593 2673 1775 2716 muro.

402 2742 482 2801 At
519 2741 725 2820 procul
767 2743 986 2820 ingenti
1023 2740 1345 2821 Neptunius
1387 2743 1611 2819 agmina
1657 2741 1920 2800 Theseus
2170 2750 2275 2806 665

274 2826 565 2904 Angustat
605 2826 831 2905 clipeo,
879 2827 1271 2906 propriaeque
1320 2826 1561 2886 exordia
1604 2825 1788 2886 laudis

281 2909 523 2971 Centum
564 2909 743 2971 urbes
782 2910 1029 2971 umbone
1069 2914 1221 2989 gerit
1266 2921 1624 2990 centenaque
1667 2908 1878 2970 Cretae

276 2993 541 3071 Moenia,
586 3013 769 3074 seque
814 2997 998 3074 ipsum
1040 2996 1350 3056 monstrosi
1392 2994 1726 3073 ambagibus
1769 2995 1917 3054 antri

274 3078 514 3159 Hispida
554 3088 919 3159 torquentem
962 3079 1230 3142 luctantis
1274 3079 1426 3140 colla
1469 3080 1718 3154 iuvenci,

277 3162 669 3243 Alternasque
706 3182 906 3224 manus
949 3166 1164 3226 circum
1207 3174 1267 3225 et
1305 3165 1527 3226 nodosa
1564 3164 1839 3242 ligantem
2166 3170 2273 3228 670

273 3247 517 3307 Brachia
560 3257 618 3307 et
659 3249 913 3311 abducto
953 3250 1223 3310 vitantem
1270 3267 1484 3311 cornua
1523 3249 1705 3309 vultu.

276 3331 493 3390 Terror
533 3331 710 3392 habet
753 3332 1039 3411 populos,
1084 3350 1255 3411 quum
1301 3343 1503 3411 septus
1540 3333 1789 3411 imagine
1831 3341 1999 3394 torva

271 3413 596 3489 Ingreditur
636 3434 892 3495 pugnas;
937 3416 1029 3478 bis
1070 3416 1299 3479 Thesea
1341 3417 1552 3497 bisque
1586 3426 1856 3481 cruentas
