2517 3909
855 169 1254 219 racemos
1291 170 1431 219 ΜΒ.
1468 170 1562 219 v1.
2102 159 2218 221 125

226 327 547 404 Admetus,
597 326 734 388 laxo
774 343 949 407 quum
985 324 1219 387 tandem
1257 345 1335 387 ex
1378 326 1522 387 orbe
1563 326 1843 386 reductus
1900 365 1907 374 ·

223 412 579 490 Aequor-eus
624 413 862 492 sonipes
889 413 1116 491 ,premit
1141 412 1467 491 evaditque
1511 428 1853 492 parumper·

228 496 508 565 Gavisos3
552 496 706 557 subit
733 490 902 558 ‘astra
948 496 1179 573 fragor,
1225 497 1573 576 coelumque
1616 498 1926 576 tremiscit,

228 580 550 661 Omniaque
595 599 850 654 excusso
896 582 1144 660 patuere
1183 581 1389 641 sedilia
1435 581 1636 660 vulgo,

229 664 354 726 Sed
395 684 507 726 nec
551 666 679 727 lora
715 666 870 744 regit
907 681 1019 725 nec
1058 665 1312 727 verbera
1350 665 1600 745 p'aliidus
1631 665 1793 725 addit
2116 676 2225 732 450

225 747 624 827 Labdacides,
671 749 825 811 lassa
862 750 1043 810 veluti
1081 752 1308 811 ratione
1348 752 1630 828 magister
2062 781 2065 784 ·

227 834 296 894 In
341 835 584 912 fluctus,
625 836 682 895 in
726 851 867 896 saxa
907 836 1053 910 ruit,
1098 853 1209 895 nec
1251 837 1365 896 iam
1409 835 1655 914 amplius
1698 844 1853 896 astra

229 917 499 999 Respicit
535 920 845 980 et'viotam
890 921 1142 998 proiecit
1184 920 1418 981 casibus
1461 929 1662 980 artem.
1718 957 1723 964 ·

356 1004 578 1065 Rursus
621 1004 977 1083 praecipites
1012 1006 1070 1063 in
1107 1014 1279 1065 'recta
1312 1023 1385 1065 ac
1430 1004 1599 1066 devia
1644 1003 1831 1082 campi

231 1088 546 1168 obliquant
581 1088 946 1168 tenduntque
983 1090 1144 1166 vias,
1187 1090 1397 1150 iterum
1440 1088 1647 1149 axibus
1687 1105 1832 1148 axes
2021 1113 2027 1124 ·
2122 1096 2224 1150 455

226 1173 435 1234 Inflicti
476 1173 769 1253 radiisque
803 1174 1002 1233 rotae:
1043 1191 1163 1253 pax
1199 1173 1360 1234 nulla
1402 1174 1685 1254 fidesque.

229 1258 401 1321 Bella
443 1258 569 1337 geri
606 1258 767 1319 ferro
812 1257 1031 1335 levius,
1076 1258 1235 1319 bella
1273 1258 1508 1319 horrida
1556 1258 1797 1334 credas,

228 1344 291 1406 Is
335 1342 497 1404 furor
537 1344 594 1402 in
635 1342 809 1404 laude
858 1352 979 1403 est:
1022 1343 1318 1423 trepidant
1350 1352 1711 1422 mortemque
1750 1342 2063 1416 minantur,

230 1428 530 1507 Multaque
571 1428 919 1489 transversis
961 1429 1410 1507 praestringitur
1450 1427 1668 1505 ungula
1708 1426 1946 1504 campis.

228 1513 361 1575 Nec
400 1514 509 1573 iam
554 1512 846 1574 sufficiunt
883 1511 1129 1589 stimuli,
1173 1530 1290 1573 non
1332 1512 1616 1581 verbera3
1660 1528 1817 1571 voce
2120 1517 2226 1576 460

229 1593 687 1676 Nominibusque
713 1596 886 1657 -cient
928 1595 1193 1657 Pholoen
1231 1596 1512 1656 Admetus
1559 1605 1620 1655 et
1661 1594 1781 1655 Irin

228 1681 627 1760 Funalemque
670 1680 905 1758 Thoen,
952 1681 1212 1758 rapidum
1253 1680 1548 1742 Danaeius
1588 1697 1775 1756 augur

231 1765 536 1831 Ascheton
565 1767 922 1845 increpitans
964 1765 1347 1845 meritumque
1380 1762 1671 1825 vocabula
1706 1760 1990 1840 Cygnum.

231 1849 412 1912 Audit
455 1860 513 1912 et
554 1850 903 1911 Herculeum
945 1851 1216 1925 Strymon
1254 1847 1560 1926 Chromin,
1604 1846 1850 1907 Euneon
1891 1848 2046 1909 audit

232 1935 449 2013 lgneus
492 1933 790 2011 Aechion,
834 1934 1052 1996 tardum
1095 1932 1395 2010 Calydona
1439 1932 1681 1994 lacessit
2121 1941 2223 1996 465

231 2019 663 2100 HippodamuS,
699 2020 1049 2098 variumque·
1080 2017 1287 2080 Thoas.
1319 2027 1488 2097 rogat
1524 2019 1615 2078 ire
1651 2015 1972 2077 Podarcen.

233 2104 415 2165 Solus
459 2103 815 2166 Echionides
857 2114 1089 2165 errante
1129 2104 1361 2164 silentia
1406 2121 1579 2168 curru
1696 2125 1705 2138 ·

233 2187 464 2251 Moesta
507 2197 669 2250 tenet
709 2189 1055 2268 trepidaque
1087 2189 1254 2249 timet
1295 2206 1363 2249 se
1403 2205 1556 2248 voce
1598 2186 1790 2248 fateri.
1982 2239 1987 2244 .

364 2272 615 2334 Vixdum
655 2282 901 2353 coeptus
945 2274 1115 2353 equi-s
1155 2272 1353 2349 labor,
1402 2277 1460 2333 et
1501 2273 1611 2332 iam
1650 2271 1895 2350 puluere
1939 2279 2144 2350 quarto

238 2357 518 2438 Campum
559 2359 787 2435 ineunt,
827 2359 1056 2438 iamque
1094 2368 1152 2419 et
1191 2358 1409 2438 tepidis
1446 2356 1757 2418 sudoribus
1796 2364 1955 2415 artus
2125 2363 2230 2419 470

235 2442 488 2521 Effoeti,
530 2452 590 2503 et
632 2459 888 2503 crassum
929 2445 1080 2523 rapit
1126 2445 1459 2524 eiectatque
1494 2458 1777 2520 vaporem
2138 2453 2142 2462 ’

240 2526 635 2607 Cornipedum
669 2526 959 2589 ‘flammata
994 2528 1154 2604 sitiS,
1177 2546 1312 2587 ·nec
1348 2526 1469 2588 iam'
1498 2526 1726 2603 integer
1764 2524 1880 2585 illis

238 2612 511 2693 Inpetus,
554 2621 613 2672 et
657 2612 818 2690 longi
857 2612 1217 2692 suspendunt
1249 2612 1353 2672 ilia
1393 2610 1581 2671 flatus.

366 2696 475 2758 Hic
511 2701 732 2776 anceps
767 2698 998 2758 fortuna
1041 2697 1139 2757 diu
1178 2696 1507 2757 decernere
1550 2695 1791 2774 primum

240 2783 404 2843 Ausa
433 2783 636 2850 ·venit;
681 2781 826 2858 ruit,
869 2780 1243 2842 Haemonium
1289 2780 1425 2841 dnm·
1456 2780 1714 2841 fervidus
1740 2781 1959 2841 instat-
2129 2788 2232 2845 475

237 2867 548 2927 Admetum
586 2881 869 2945 superare
914 2866 1140 2943 Thoas,
1185 2884 1300 2926 nec
1337 2865 1612 2945 praetuiit
1642 2864 1822 2926 ullam

235 2951 448 3013 Frater
487 2951 688 3031 operm
768 2949 929 3011 Velit
967 2949 1067 3010 ille
1106 2950 1370 3030 quidem,
1416 2950 1523 3011 sed
1564 2947 1802 3010 Martius
1846 2958 1981 3010 ante

242 3035 481 3097 Obstitit
520 3034 921 3115 Hippodamus
957 3031 1321 3114 mediisque·
1345 3035 1555 3095 inmisit
1592 3033 1921 3094 habenas..
1970 3061 1975 3072 ·

240 3119 384 3181 Mox
427 3117 694 3181 Chromis
734 3117 1156 3200 Hippodamum
1189 3128 1381 3180 metae
1421 3119 1714 3179 interioris
1753 3118 1827 3179 ad
1865 3116 2067 3212 orbem

238 3204 482 3266 Viribus
517 3204 823 3266 Herculeis
866 3213 926 3265 et
959 3212 1084 3264 toto
1126 3203 1344 3264 robore
1389 3204 1572 3283 patris
2130 3209 2236 3265 480

243 3290 380 3350 Axe
425 3298 587 3351 tenet
626 3307 877 3369 prenso,
925 3288 1211 3350 luctantur
1247 3288 1412 3349 abire
1454 3289 1683 3367 iugales

241 3373 649 3454 Nequicqnzun
687 3373 1009 3455 frenosque
1055 3383 1118 3434 et
1164 3373 1349 3434 colia
1360 3375 1608 3452 rigentia
1651 3373 1911 3434 tendunt.

248 3457 327 3524 Ut
365 3459 594 3523 Siculas
636 3460 687 3524 si
727 3459 959 3542 quaudo
981 3467 1164 3522 *rates
1196 3467 1360 3522 tenet
1402 3468 1605 3522 aestus
1644 3467 1706 3519 et
1740 3458 1945 3534 ingens
