2517 3909
174 169 304 236 100
908 166 972 222 Ρ.
1006 163 1287 220 ΡΑΡΙΝἹΙ
1324 162 1568 219 STATII

170 313 439 380 Uisibus
484 312 822 397 auratique
866 312 1055 397 putes
1099 308 1435 395 laquearia
1480 307 1656 374 caeli.

170 402 298 469 Hic
344 424 492 467 cum
538 399 890 468 Romuleos
934 421 1234 484 proceres
1281 399 1702 482 trabeataque
1748 393 1987 462 Caesar

172 490 462 577 Agmina
506 489 682 556 mille
729 490 922 555 simul
967 488 1161 555 iussit
1206 487 1611 553 discumbere
1656 487 1915 571 mensis,

172 581 329 666 Ipsa
375 581 555 645 sinus
600 580 892 645 accincta
936 575 1131 643 Ceres
1176 575 1600 661 Bacchusque
1644 575 1948 642 laborant

175 667 499 735 Sufficere.
588 667 863 734 aetherii
906 667 1062 732 felix
1108 667 1200 732 sic
1247 666 1465 733 orbita
1508 664 1693 730 fluxit
2240 681 2312 731 35

176 757 586 844 Triptolemi3
633 757 725 823 sic
769 756 1031 830 uitifero
1078 756 1199 821 sub
1244 755 1517 840 palmite
1560 754 1766 820 nudos

176 847 526 913 Umbrauit
571 846 767 913 colles
812 849 879 911 et
923 845 1145 912 sobria
1189 866 1342 910 rura
1386 842 1664 928 Lyaeus.

179 936 305 1002 Sed
351 935 514 1001 mihi
559 957 694 1001 non
740 936 963 1021 epulas
1007 933 1314 1018 Indisque
1358 932 1585 998 innixa
1626 933 1944 999 columnis

176 1025 442 1092 Robora
484 1024 860 1092 Maurorum
905 1023 1312 1108 famulasque
1358 1044 1438 1087 ex
1483 1021 1710 1088 ordine
1753 1026 2033 1106 turmas,

175 1115 417 1200 Ipsum,
462 1114 676 1199 ipsum
712 1112 945 1198 cupido
989 1115 1250 1178 tantum
1297 1115 1586 1197 spectare
1629 1112 1890 1178 uacauit
1941 1156 1952 1169 ·
2244 1126 2320 1176 40

178 1203 629 1288 Tranquillum
674 1202 899 1268 uultus
945 1205 1011 1267 et
1054 1202 1394 1267 maiestate
1439 1222 1667 1266 serena

178 1291 570 1359 Mulcentem
614 1292 831 1358 radios
876 1292 1512 1376 summittentemque
1557 1289 1845 1357 modeste

180 1381 510 1448 Fortunae
555 1381 797 1447 uexilla
841 1401 1022 1463 suae3
1068 1383 1293 1445 tamen
1336 1401 1448 1445 ore
1492 1379 1750 1445 nitebat

179 1469 643 1536 Dissimulatus
687 1469 917 1536 honOS.
1007 1470 1205 1535 talem
1252 1489 1508 1555 quoque
1542 1468 1860 1534 barbarus
1905 1467 2116 1534 hostis

182 1558 417 1625 Posset
462 1562 529 1624 et
571 1558 833 1646 ignotae
878 1562 1299 1643 conspectum
1344 1578 1693 1643 agnoscere
1733 1561 1980 1644 gentes.
2249 1571 2322 1621 45

40 1712 48 1718 .
181 1647 336 1715 Non
379 1647 570 1714 aliter
613 1647 830 1735 gelida
874 1646 1221 1731 Rhodopes
1266 1647 1337 1711 in
1383 1645 1555 1712 ualle
1597 1646 1917 1712 recumbit

181 1736 486 1803 Dimissis
533 1736 858 1803 Gradiuus
904 1736 1114 1822 equis;
1162 1736 1255 1802 sic
1301 1736 1551 1801 lubrica
1594 1735 1785 1821 ponit

181 1826 478 1893 Membra
524 1826 947 1912 Therapnaea
990 1826 1315 1891 resolutus
1361 1825 1686 1911 gymnade
1732 1823 1985 1908 Pollux,

185 1914 292 1981 Sic
337 1916 506 1982 iacet
551 1915 631 1981 ad
678 1915 955 2002 Gangen
997 1913 1176 1980 Indis
1221 1914 1623 1980 ululantibus
1668 1912 1923 1997 Euhan,

185 2003 290 2070 Sic
337 2005 559 2091 grauis
604 2004 869 2071 Alcides
914 2008 1067 2090 post
1109 2002 1374 2070 horrida
1417 2003 1597 2069 iussa
1640 2023 1939 2069 reuersus
2249 2016 2321 2067 5ο

183 2094 523 2160 Gaudebat
569 2096 775 2160 strato
820 2093 994 2159 latus
1042 2093 1367 2159 adclinare
1413 2092 1604 2157 leoni.

180 2183 397 2248 Parua
439 2184 674 2267 loquor
717 2181 991 2248 necdum
1038 2204 1242 2267 aequo
1289 2185 1456 2266 tuos,
1502 2180 1885 2247 Germanice
1948 2179 2196 2245 uultus:

183 2272 380 2357 Talis,
424 2272 539 2336 ubi
584 2271 825 2338 Oceani
868 2271 1063 2336 finem
1108 2292 1495 2355 mensasque
1539 2270 1766 2336 reuisit

181 2360 581 2445 Aethiopum
629 2351 847 2426 sacros
893 2359 1163 2425 diffusus
1206 2363 1473 2425 nectare
1518 2361 1737 2425 uultus

79 2479 84 2482 -
180 2448 331 2514 Dux
378 2471 701 2535 superum,
746 2452 992 2514 secreta
1034 2449 1216 2513 iubet
1257 2449 1412 2515 dare
1458 2449 1746 2515 carmina
1788 2447 2011 2513 Musas
2249 2461 2319 2512 55

182 2538 275 2604 Et
318 2537 699 2604 Pallenaeos
734 2536 1071 2604 Phoebum
1116 2538 1379 2603 laudare
1424 2538 1810 2622 triumphos.

183 2627 270 2692 Di
315 2627 440 2692 tibi
487 2624 794 2712 (namque
840 2628 1089 2693 animas
1136 2649 1329 2711 saepe
1374 2627 1676 2693 exaudire
1721 2626 2005 2691 minores

181 2717 533 2801 Dicuntur)
569 2717 821 2801 patriae
865 2716 968 2781 bis
1014 2719 1238 2801 terque
1287 2717 1455 2781 exire
1503 2719 1796 2788 senectae

182 2805 552 2870 Annuerint
595 2805 783 2870 fines!
830 2809 977 2870 rata
1020 2806 1290 2870 numina
1333 2805 1588 2870 miseris
1636 2804 1847 2885 astris,

183 2894 577 2979 Templaque
605 2894 716 2959 des
745 2894 1126 2979 habitesque
1155 2894 1408 2960 domos!
1458 2903 1650 2980 saep‘e
1681 2916 1898 2959 annua
1922 2892 2173 2979 pandas
2250 2909 2319 2958 60

183 2983 461 3068 Limina,
508 3005 700 3068 saepe
744 3005 916 3050 nouo
961 2982 1192 3049 Ianum
1237 2983 1466 3051 lictore
1513 2984 1776 3068 salutes,

311 3183 398 3267 '34
442 3212 665 3268 laborat
709 3216 755 3266 A
801 3219 862 3280 c,
908 3229 1047 3271 corr.
1086 3231 1120 3266 a
1145 3215 1165 3282 u
1193 3219 1261 3267 35
1299 3212 1500 3267 Actaei
1535 3212 1804 3268 Heinsius
1844 3213 1864 3282 u
1903 3217 1972 3266 38
2008 3210 2236 3267 Indiaue
2273 3218 2325 3267 et

184 3289 254 3338 39
294 3283 608 3339 famulasue
659 3285 869 3340 Markl.
925 3284 944 3355 Η
998 3290 1064 3339 41
1106 3284 1270 3338 uultu
1315 3283 1414 3338 sed
1447 3287 1496 3336 A
1531 3289 1592 3350 c,
1638 3299 1777 3339 corr.
1819 3283 2142 3338 Politiams
2184 3286 2205 3352 ΙΙ
2251 3288 2321 3338 50

182 3355 337 3481 icuosrqa
369 3370 647 3481 gouercae
686 3356 896 3412 Markl.
951 3356 971 3426 Η
1024 3361 1093 3410 54
1130 3372 1317 3410 sacros
1354 3356 1418 3410 3:
1456 3371 1614 3410 sacro
1651 3361 1686 3408 ο
1721 3355 1802 3424 au
1830 3361 1894 3410 61
1935 3353 2180 3409 Lumina
2206 3361 2242 3407 c
2272 3373 2320 3422 a,
