2517 3909
352 123 476 186 234
1031 134 1097 184 Ρ.
1131 133 1401 183 mmm
1441 132 1675 185 sum

352 290 644 353 crinalem
682 288 893 352 attollit
934 288 1114 369 longo
1158 289 1412 353 stridore
1454 301 1743 355 cet-esten-
2280 300 2348 356 65

351 375 676 438 Caeruleae
721 375 837 436 dux
880 373 981 435 ille
1027 392 1264 452 comae,
1306 392 1426 454 quo
1469 378 1733 456 protinus
1775 377 1961 439 omnis

348 460 583 522 Horruit
621 459 815 520 audito
859 459 1034 520 tellus
1077 469 1407 540 pontusque
1447 460 1763 540 polusque,

350 543 428 608 Et
466 555 634 625 pater
675 543 975 605 Aetnaeos
1017 544 1225 607 iterum
1253 545 1574 625 ,prospexit
1617 546 1693 607 ad
1734 547 1921 624 ignes.

478 629 715 708 Accipit
749 628 849 689 illa
891 645 1125 699 sonum
1171 629 1361 691 stabat
1402 639 1540 691 tunc
1575 630 1732 691 forte
1776 629 2004 709 parenti

350 715 655 790 Proxima,
709 714 841 774 dum
883 723 1058 775 coetu
1101 710 1412 794 Capaneus
1452 714 1716 776 landatur
1756 713 1828 774 ab
1872 713 2027 773 omni
2286 722 2351 777 70

349 799 501 861 Ditis
545 806 606 859 et
644 798 930 876 insignem
969 798 1192 876 Stygiis
1234 799 1400 860 fovet
1442 799 1701 860 amnibus
1736 797 2018 859 umbram.

348 885 617 947 Protinus
659 882 906 962 abrupta
937 892 1224 944 terrarum
1260 883 1419 945 mole
1458 883 1568 944 suh
1611 884 1781 945 astris

352 967 652 1044 Constitit,
698 967 957 1028 exultant
994 966 1197 1029 Manes
1212 1012 1232 1045 ‚
1280 977 1671 1048 quantumque
1708 966 2035 1047 profundae

348 1053 677 1115 Rarescunt
715 1051 1031 1130 tenebrae,
1074 1060 1292 1113 tantum
1331 1051 1407 1114 de
1449 1052 1585 1114 luce
1625 1052 1896 1113 recessit.

349 1136 585 1217 Excipit
625 1146 749 1198 atra
790 1153 963 1198 soror
1002 1136 1368 1216 dextraeque
1410 1138 1622 1198 innexa
1664 1137 1957 1216 protatur:
2286 1143 2345 1199 ⁷5

452 1221 628 1283 ,‘Hac
671 1239 949 1300 germana
985 1230 1153 1282 tenus
1193 1222 1387 1300 Stygii
1427 1221 1732 1283 metuenda
1771 1220 2032 1301 parentis

350 1307 603 1387 1m12eria
646 1316 705 1366 et
748 1307 945 1367 iussos
986 1306 1149 1386 potui
1189 1305 1451 1368 tolerare
1491 1306 1747 1383 furores,

348 1393 495 1458 Sola
536 1407 715 1470 snper
751 1398 946 1452 terras
985 1390 1303 1470 hostilique
1345 1391 1522 1452 obvia
1562 1390 1797 1466 mundo,

349 1477 501 1539 Dum
541 1492 652 1536 vos
697 1473 944 1551 elysium
984 1483 1045 1536 et
1084 1474 1296 1537 faciles
1336 1476 1714 1556 compescitis
1751 1473 2003 1536 umbras.

349 1559 479 1622 Nec
522 1559 769 1640 pretium
815 1558 1078 1620 deforme
1119 1576 1322 1622 morae
1366 1562 1642 1641 cassique
1683 1558 1941 1621 labores.
2283 1568 2346 1623 80

348 1645 479 1707 Hoc
522 1644 926 1725 quodcumque
968 1644 1202 1706 madent
1239 1647 1465 1726 campi,
1510 1644 1669 1724 quod
1705 1643 1989 1722 snguine
2023 1641 2249 1706 tunm

349 1731 604 1809 Stagna,
657 1728 812 1808 qnod
854 1730 1153 1791 innumero
1184 1727 1442 1791 Lethaea
1485 1730 1751 1791 examine
1793 1727 2011 1806 gaudet
2076 1766 2081 1771 -

348 1814 533 1894 Ripa,
574 1831 742 1874 meae
782 1813 977 1892 vires,
1022 1831 1151 1875 mea
1193 1812 1349 1876 laeta
1389 1815 1657 1892 insignia.
1742 1813 1865 1875 Sed
1905 1813 2045 1892 qnid

347 1898 512 1962 Haec
551 1895 712 1977 ego?
773 1895 930 1959 Mars
970 1896 1217 1976 habeat,
1260 1899 1618 1978 vulgataque
1655 1899 1834 1960 iactet
1874 1895 2069 1974 Enyo.

347 1984 587 2046 Vidistis
628 2018 714 2029 —
751 1982 970 2060 Stygiis
1011 1991 1175 2044 certe
1215 1984 1556 2045 manifestus
1597 1984 1657 2043 in
1695 1981 1911 2043 umbris
1947 2017 2032 2029 --—
2278 1990 2343 2045 85

350 2069 643 2147 Sanguine
687 2066 988 2128 foedatum
1022 2068 1203 2128 rictus
1246 2077 1495 2148 atroque
1534 2069 1859 2129 madentem

350 2152 466 2215 Ora
501 2154 706 2214 ducem
747 2151 913 2222 tabo;
958 2152 1232 2212 miserum
1274 2152 1616 2214 insatiabilis
1660 2152 1779 2214 edit

347 2237 442 2299 Me
484 2237 747 2298 tradente
791 2246 993 2316 capnt;
1037 2236 1210 2298 modo
1253 2255 1466 2318 nempe
1508 2236 1831 2298 herrendus
1874 2231 1948 2295 ab
1992 2235 2169 2295 astris

345 2322 668 2383 Descendit
708 2337 817 2381 vos
861 2339 1048 2400 usque
1087 2321 1319 2400 fragor:
1366 2339 1498 2383 mea
1540 2339 1710 2383 sacra
1750 2317 2054 2400 premebat

350 2406 724 2486 TempestaS,
768 2423 884 2484 ego
926 2407 1103 2467 mixta
1143 2408 1254 2466 viri
1297 2406 1598 2468 furialibus
1638 2408 1814 2468 armis
2278 2410 2343 2466 ⁹0

346 2490 512 2552 Bella
555 2492 758 2568 deum,
806 2500 869 2551 et
908 2509 1148 2569 magnas
1190 2491 1454 2552 ridebam
1499 2490 1752 2552 fulminis
1793 2492 1932 2551 ira&

347 2576 469 2637 Sed
510 2577 621 2636 iam
662 2609 747 2622 —
788 2574 1016 2637 effabor
1058 2577 1209 2636 enim
1249 2610 1336 2623 -
1375 2575 1557 2653 longo
1603 2577 1819 2637 sudore
1860 2573 2137 2634 fatiscunt

347 2658 573 2736 Corda,
617 2676 822 2738 soror,
863 2659 1183 2739 tardaeque
1219 2659 1673 2737 manus;‚hebet
1711 2660 1899 2720 infera
1940 2657 2119 2719 coelo

345 2744 569 2821 Tuitus,
612 2753 673 2804 et
714 2747 976 2805 insuetos
1015 2763 1242 2823 angues
1282 2745 1455 2805 nimia
1497 2753 1654 2816 astra
1692 2751 1994 2824 soporant.

344 2829 463 2906 Tu,
510 2830 604 2890 cui
643 2838 800 2890 totus
840 2828 1031 2890 adhuc
1066 2830 1230 2890 furor
1266 2829 1647 2908 exultatque
1686 2837 1960 2889 recentes
2277 2832 2338 2887 95

346 2913 556 2991 Cocyti
598 2913 672 2974 de
714 2914 878 2975 fonte
924 2930 1166 2988 comae,
1211 2914 1285 2975 da
1325 2914 1569 2991 iungere
1618 2914 1798 2974 vires.

342 2998 478 3060 Non
518 2998 721 3059 solitas
761 2998 922 3058 acies
959 3015 1073 3057 nec
1113 2996 1321 3059 Martia
1360 2997 1518 3058 bella
1560 3015 1852 3076 paramus,

345 3083 466 3145 Sed
505 3082 774 3159 fratrum,
820 3081 963 3143 licet
1001 3080 1151 3142 alma
1187 3083 1335 3144 fides
1376 3084 1683 3162 pietasque
1728 3089 2085 3162 repugnent,

341 3168 694 3244 vincentur,
739 3201 822 3213 —
861 3164 1099 3226 fratrum
1139 3167 1459 3245 stringendi
1501 3167 1761 3227 cominus
1804 3183 2003 3228 enses.

346 3250 573 3312 Grande
620 3268 799 3330 opus;
845 3250 1011 3328 ipsae
1056 3250 1237 3326 odiis,
1283 3251 1448 3329 ipsae
1493 3249 1858 3312 discordibus
1896 3249 2074 3311 armis
2252 3258 2346 3315 100

341 3332 639 3410 Aptemur.
724 3333 874 3407 Quid
919 3333 1074 3394 lenta
1112 3331 1327 3393 venis?
1383 3335 1631 3412 agedum
1675 3335 1866 3414 elige,
1914 3335 2082 3395 cuius

344 3417 521 3492 Signa
564 3416 753 3486 feras3
800 3417 972 3479 ambo
1014 3416 1223 3478 faciles
1258 3420 1590 3498 nostriqne3
1637 3420 1749 3482 sed
1788 3436 2012 3498 anceps
