2517 3909
317 88 399 150 40
957 99 1048 150 ,1²1.
1092 95 1373 152 PAPmn·
1400 97 1655 151 s‘rAtrn·

318 253 547 326 Risisti;
592 272 802 316 moneo
839 263 1153 340 regnorum
1185 254 1402 335 ¹gaudia
1440 264 1639 318 temet=

317 340 631 402 Dedoceas
668 341 1009 421 patiensque
1045 335 1250 419 fugae-
1262 359 1526 402 mereare
1568 341 1808 402 reverti.
1810 340 1827 374 ⁹

441 425 701 487 Dixerat.
788 425 899 486 Ast
940 424 1024 486 illi
1064 428 1240 488 tacito
1286 426 1394 486 sub
1438 433 1683 506 pectore
1723 425 1932 488 dudam
2199 435 2308 489 410

316 504 495 588 Ignea
532 509 709 572 corda
749 508 1023 579 rtemann
1065 510 1220 572 iacto
1258 511 1420 571 velut
1458 527 1669 590 aspera
1712 528 1887 571 suo

318 594 590 656 Cominus
635 595 875 672 erigitur
915 612 1194 674 serpens,
1236 596 1330 657 cui
1377 595 1580 656 subter
1620 597 1819 658 inanes

314 679 514 757 Longa
553 679 678 739 sitis
720 678 1008 756 latebras,
1051 689 1331 760 totosque
1366 681 1578 758 agitata
1621 697 1730 760 per
1770 688 1930 741 artus

318 762 619 825 Convocat
659 763 716 823 in
758 763 962 825 fauces
1005 773 1065 826 et
1104 782 1376 844 squamea
1421 764 1579 826 colla
1615 779 1935 826 venenum:
2092 801 2109 818 ›

442 854 461 884 ³
483 845 730 926 Cognita
772 849 822 908 si
851 848 1056 909 'dubiis
1088 850 1284 910 fratris
1316 849 1450 909 mihi
1490 850 1674 928 iurgia
1710 850 1891 927 signis
2092 851 2101 878 ³
2134 877 2139 886 ·
2172 855 2303 918 ‚415

315 934 467 994 Ante
510 932 737 1009 forent,
778 951 891 994 nec
923 933 1087 994 clara
1127 933 1392 995 odiorum
1431 949 1640 995 aroana
1680 942 1977 1014 paterent,-

314 1018 625 1078 Sufliceret
672 1017 770 1077 vel
803 1018 934 1079 sola
974 1018 1158 1096 fides,
1208 1036 1323 1098 qua
1361 1028 1563 1083 torvus
1607 1026 1668 1079 et
1707 1017 1865 1079 illum
1930 1041 1937 1050 ·

313 1102 506 1164 Mente
550 1120 799 1180 gerens,
847 1121 953 1163 ceu
993 1112 1160 1182 septa
1205 1119 1390 1163 novus
1436 1103 1547 1163 iam
1583 1103 1811 1170 moenia
1851 1101 2011 1163 lam
2122 1107 2127 1112 “

313 1187 565 1262 Fossor,
611 1196 670 1248 et
708 1186 954 1248 hostiles
989 1185 1286 1248 'inimicent
1326 1187 1571 1249 classica
1606 1197 1843 1265 turmas,

313 1270 624 1332 PraefuriS.
689 1269 755 1331 In
794 1269 1020 1331 medios
1047 1273 1112 1331 si
1156 1273 1425 1334 cominus
1452 1287 1588 1333 orsa
1630 1270 1868 1333 tulisses
2192 1277 2303 1331 42⁰

313 1356 580 1415 Bistonas
624 1364 718 1415 aut
760 1355 971 1433 refugo
1016 1355 1306 1436 pallentes
1347 1357 1483 1418 sole
1518 1355 1800 1433 Gelonos,

311 1441 549 1500 Parcior
589 1440 866 1520 alloquio·
895 1449 955 1500 et
990 1440 1166 1501 medii
1203 1444 1570 1502 reverentior
1610 1441 1780 1519 aequi

313 1525 642 1604 Inciperes3
685 1542 878 1603 neque
919 1534 979 1585 te
1022 1523 1367 1587 furibundae
1402 1526 1636 1587 crimine
1670 1525 1876 1586 mentis

313 1610 652 1686 Arguerim:
696 1609 958 1671 mandata
1002 1609 1213 1671 refers.
1299 1610 1475 1671 Nunc·
1509 1610 1695 1671 omnia
1738 1606 1966 1689 quando
2256 1653 2261 1660 .

311 1693 488 1753 Plena
526 1694 724 1770 minis,
772 1712 883 1755 nec
928 1704 1162 1775 sceptra
1203 1694 1320 1756 {ide
1362 1713 1473 1756 neo
1514 1709 1663 1775 pace
1705 1701 2012 1772 sequestra
2194 1698 2297 1753 425

311 1778 590 1855 Poscitis,
637 1789 696 1839 et
737 1778 949 1859 capulo
997 1782 1240 1860 propior
1275 1793 1508 1841 manus:
1551 1779 1701 1840 haec
1737 1793 1871 1838 mea
1908 1775 2044 1853 regi

310 1863 629 1942 Argolico,
675 1863 922 1925 nondum
966 1882 1152 1944 aequa
1193 1865 1340 1942 tuis,
1382 1865 1515 1924 vice
1553 1863 1707 1924 dicta
1748 1870 2023 1943 reporta:
2102 1891 2107 1900 ·

437 1946 637 2023 ‘Quae
685 1965 816 2009 sors
856 1950 1012 2009 iusta·
1047 1949 1214 2026 mihi,
1257 1966 1409 2029 quae
1450 1961 1585 2008 uon·
1615 1946 1903 2009 indebitus
1945 1945 2107 2008 aunis

311 2034 560 2113 Sceptra
601 2033 814 2094 dicavit
855 2032 1078 2110 honos,
1115 2043 1295 2096 teneo
1332 2034 1684 2113 longumque
1727 2031 1963 2093 tenebo.

311 2117 394 2178 Te
436 2135 624 2197 penes
659 2116 929 2179 Inachiae
966 2117 1177 2180 dotalis
1215 2120 1383 2196 regia
1418 2119 1574 2178 dono
2078 2133 2085 2142 ·
2178 2117 2299 2178 430

312 2200 625 2279 Coniugis,
669 2212 727 2262 et
768 2199 1008 2262 Danaae
1038 2235 1124 2248 —
1166 2203 1303 2282 quid
1348 2204 1497 2263 enim
1538 2199 1850 2263 maioribus
1885 2200 2029 2262 actis

309 2283 642 2347 Invideam?
684 2321 767 2330 —
809 2286 1168 2347 cumulentur
1210 2301 1391 2367 opes;
1428 2286 1702 2348 felicibus
1738 2284 1945 2363 Argos·

308 2371 603 2450 Auspiciis
642 2369 1004 2449 Lernamque
1046 2388 1257 2448 regas:
1294 2389 1403 2432 nos
1436 2370 1680 2434 -horrida
1718 2369 1931 2431 Dirces

305 2456 527 2516 Pascua
569 2463 627 2516 et
658 2453 935 2515 Euboicis
980 2464 1230 2517 arctatus
1271 2456 1539 2517 fluctibus
1583 2473 1739 2532 oras,

305 2539 440 2600 Non
480 2538 755 2617 indignati
797 2541 1067 2600 miserum
1107 2539 1325 2601 dixisse
1360 2549 1661 2621 parentem
1948 2577 1955 2586 ·
2164 2545 2293 2600 «135

308 2622 681 2702 Oedipoden:
726 2622 831 2685 tibi
873 2623 1035 2702 larga
1077 2658 1161 2670 ——
1198 2625 1417 2705 Pelops
1466 2634 1525 2685 et
1559 2622 1835 2684 Tantalus
1864 2630 2085 2683 ‘auctor
2125 2655 2210 2667 ——

302 2706 625 2786 Nobilitas,
673 2708 1029 2787 propiorque
1071 2709 1209 2769 fluat
1249 2711 1325 2771 de
1368 2710 1647 2788 sang-uiue
1686 2708 1883 2769 iuncto

305 2791 583 2872 Iuppiter.
669 2791 836 2852 Anne
878 2792 1033 2853 feret
1071 2792 1210 2853 luxu
1248 2804 1529 2855 consueta
1571 2801 1815 2872 paterno

303 2877 468 2937 Hunc
507 2877 708 2955 regina
749 2873 971 2938 larem?
1008 2885 1244 2937 nostrae
1285 2879 1377 2939 cui
1420 2881 1545 2939 iure
1585 2893 1827 2938 sorores

304 2961 493 3023 Anxia
534 2978 717 3040 pensa
758 2958 1018 3022 trahant?
1058 2960 1237 3040 longo
1276 2980 1446 3042 qaam
1477 2961 1713 3025 sordida
1753 2959 1912 3023 luctu
2186 2968 2291 3024 440

301 3045 520 3122 Mater,
570 3056 630 3108 et
667 3064 743 3106 ex
779 3046 906 3106 imis
949 3046 1174 3112 auditus
1217 3048 1372 3109 forte
1412 3046 1674 3108 tenebris

304 3090 571 3191 Offend’at
613 3143 791 3191 socer
833 3131 936 3192 ille
978 3148 1180 3192 senex.
1249 3130 1369 3192 Iam
1407 3141 1656 3218 pectora
1693 3130 1858 3210 vulgi

301 3214 638 3277 Assuevere
680 3217 852 3294 iugo.
896 3215 1075 3296 pudet
1110 3213 1271 3276 heu!
1297 3209 1608 3296 plebisque
1658 3225 2018 3296 patrumque,

299 3298 391 3359 Ne
433 3301 646 3361 totiens
688 3302 909 3362 incerta
950 3300 1138 3361 ferant
1171 3295 1514 3380 mutentque
1552 3309 1854 3379 gementes

299 3382 548 3463 Imperia
587 3394 647 3447 et
685 3384 862 3447 dubio
899 3386 1097 3465 pigeat
1138 3401 1349 3464 parere
1384 3395 1646 3463 manne.
2183 3395 2285 3448 445
