2517 3909
859 141 1256 193 'rm-nunes
1301 143 1441 191 mn.
1462 144 1584 211 ιιι,
1708 190 1711 193 Α

224 297 450 378 Regina
493 297 780 359 extulerat
812 307 1008 359 notum
1048 299 1449 378 penetralibus
1486 316 1707 376 ensem,
1810 314 1815 317 ·

222 383 443 444 Ensem
486 383 824 462 sceptriferi
864 385 1116 463 spolium
1154 384 1516 445 lacrimabile
1558 383 1699 445 Laii.

221 466 521 548 Multaque
565 485 737 546 quum
780 469 1011 547 superis
1056 478 1114 529 et
1157 469 1285 529 diro
1331 477 1537 547 questa
1581 467 1756 529 cubili

221 551 300 613 Et
344 554 463 613 nati
504 551 668 612 furiis
714 562 772 612 et
813 553 981 632 primi
1016 554 1279 631 coniugis
1323 553 1563 630 umbris,

218 636 459 697 Luctata
501 646 594 697 est
635 637 874 714 dextra,
917 646 979 698 et
1017 655 1205 716 prono
1241 639 1342 698 vix
1382 647 1627 717 pectore
1670 637 1889 699 ferrum

218 720 460 782 Intravit
496 722 762 795 tandem,
801 730 860 782 et
899 741 1085 783 venas
1127 724 1394 802 prorupit
1434 723 1620 783 aniles

219 805 482 883 Vulnus,
528 815 590 867 et
628 805 832 866 infelix
867 807 1140 868 lustratur
1181 808 1463 885 sanguine
1506 807 1716 868 lectus.

218 889 386 951 Illius
432 891 572 952 exili
610 890 949 953 stridentem
981 894 1040 951 in
1073 902 1321 971 pectore
1367 892 1597 971 plagam

218 974 451 1035 Ismene
497 976 765 1055 collapsa
805 995 983 1056 super
1025 977 1395 1054 lacrimisque
1441 978 1740 1056 comisque

220 1059 497 1121 Siccabat
533 1061 848 1139 plangens;
889 1062 1075 1140 qualis
1117 1060 1520 1122 Marathonide
1552 1061 1701 1121 silva

218 1142 466 1204 Flebilis
502 1144 763 1223 Erigone
806 1147 967 1207 caesi
1008 1163 1197 1226 prope
1243 1145 1448 1207 funera
1491 1146 1672 1225 patris

220 1228 537 1302 Questibus
583 1230 900 1309 absumptis
944 1233 1168 1293 tristem
1201 1232 1314 1291 iam
1348 1231 1587 1291 solvere
1630 1230 1841 1291 nodum

223 1311 556 1393 Coeperat,
594 1324 654 1375 et
689 1314 876 1376 fortes
917 1333 1110 1377 ramos
1148 1317 1425 1376 moritura
1468 1314 1728 1393 legebat.

346 1397 430 1458 At
469 1400 579 1458 iam
620 1399 774 1461 laeta
812 1400 1018 1461 ducum
1060 1419 1201 1479 spes
1246 1401 1497 1461 elusisse
1538 1400 1801 1477 duorum,

220 1482 344 1544 Res
387 1482 763 1562 Amphionias
800 1484 916 1545 alio
966 1495 1379 1565 sceptrumque
1420 1486 1671 1562 maligna

221 1567 621 1629 Transtulerat
658 1566 912 1629 Fortuna
940 1587 1143 1646 manu,
1181 1568 1498 1648 Cadmique
1533 1567 1774 1631 tenebat

220 1652 354 1713 Iura
399 1650 612 1712 Creon.
699 1651 881 1714 Miser
919 1652 1036 1714 heu
1077 1652 1366 1714 bellorum
1410 1652 1713 1714 terminus!
1758 1652 1842 1712 illi

219 1736 550 1815 Pngnarant
589 1738 832 1808 fratres.;
875 1737 1029 1799 hunc
1067 1748 1128 1799 et
1167 1736 1450 1799 Mavortia
1503 1738 1750 1798 clamant

221 1821 486 1898 Semina,
534 1832 594 1883 et
634 1823 910 1902 inpensus
951 1823 1175 1901 patriae
1218 1823 1394 1901 paulo
1430 1831 1562 1883 ante
1604 1821 1960 1882 Menoeceus

220 1903 510 1967 Conciliat
557 1907 821 1987 populis;
864 1907 1090 1968 scandit
1130 1907 1311 1968 fatale
1354 1916 1628 1983 tyrannus

216 1989 461 2052 Flebilis
500 1990 725 2051 Aoniae
767 1992 993 2053 solium.
1073 1992 1187 2053 Pro
1231 1991 1444 2053 blanda
1481 2000 1745 2072 potestas

111 2084 127 2101 ⁹
216 2074 295 2136 Et
336 2077 557 2154 sceptri
597 2075 749 2137 male
787 2076 1004 2137 suadus
1045 2076 1235 2137 amor!
1282 2094 1660 2156 numquamne
1705 2074 1961 2153 priorum

212 2159 555 2221 Haerebunt
591 2160 934 2221 documenta
977 2158 1187 2221 novis?
1225 2164 1381 2224 iuvat
1414 2180 1560 2223 ecce
1598 2160 1827 2221 nefasto

218 2246 393 2306 Stare
429 2244 565 2305 loco
596 2247 979 2325 regimenque
1015 2264 1182 2306 mauu
1224 2256 1479 2308 tractare
1517 2254 1833 2307 cruentum.

218 2328 376 2402 Quid
409 2329 619 2390 melior
650 2328 902 2391 Fortuna
946 2328 1184 2409 potest?
1227 2334 1342 2393 iam
1377 2332 1622 2392 flectere
1659 2337 1883 2407 patrem
1997 2359 2005 2369 ·

214 2413 428 2493 Incipit
469 2422 641 2493 atque
684 2414 831 2476 datis
875 2414 1117 2476 abolere
1155 2413 1482 2477 Menoecea
1521 2416 1743 2492 regnis.

216 2498 466 2559 Primum
507 2499 656 2560 adeo
700 2501 895 2559 saevis
932 2499 1162 2561 inbutus
1198 2501 1490 2561 amoribus
1534 2500 1703 2561 aulae

213 2581 491 2645 Indicium
536 2585 954 2662 specimenque
995 2586 1085 2645 sui
1125 2584 1286 2646 iubet
1326 2587 1461 2663 igne
1505 2599 1779 2664 supremo

216 2667 431 2729 Arceri
466 2667 732 2745 Danaos,
771 2669 1043 2748 nudoque
1084 2668 1190 2729 snb
1232 2688 1345 2731 axe
1385 2669 1634 2748 relinqui

213 2751 428 2814 Infelix
468 2751 688 2812 bellum
730 2762 789 2813 et
830 2755 1029 2814 tristes
1071 2756 1197 2815 sine
1237 2754 1480 2816 sedibus
1521 2752 1773 2814 umbras.

343 2835 484 2897 Mox
521 2837 798 2898 reducem
837 2836 1103 2915 Ogygiae
1146 2857 1501 2917 congressus
1539 2839 1730 2899 limine
1771 2847 1977 2919 portae

215 2920 566 3001 Oedipoden
598 2922 780 2982 timuit
827 2922 1089 3001 paulum,
1138 2942 1395 3003 seseque
1439 2925 1715 2984 minorem

217 3004 542 3067 Confessus
588 3006 761 3066 tacite
804 3017 1246 3086 promptamque
1294 3010 1557 3069 coercuit
1595 3010 1758 3069 iram.

213 3090 338 3153 Sed
381 3091 532 3152 redit
572 3090 630 3150 in
670 3108 875 3168 regem
913 3110 1270 3171 caecumque
1315 3093 1615 3155 audentius
1658 3093 1885 3154 hostem

207 3175 575 3254 Increpitans
617 3175 898 3251 ‘Procul,
940 3177 1154 3256 inquit,
1200 3177 1295 3238 abi
1328 3178 1648 3239 victoribus
1688 3195 1859 3238 omen

209 3259 498 3337 Invisum,
545 3268 604 3321 et
643 3259 823 3321 furias
867 3269 1070 3322 averte
1116 3280 1186 3322 ac
1228 3262 1460 3323 moenia
1501 3263 1683 3329 lustra

209 3343 500 3406 Discessu
543 3344 821 3407 Thebana
859 3354 992 3407 tuo:
1028 3363 1169 3426 spes
1213 3348 1390 3425 longa
1427 3355 1663 3425 peracta
1707 3354 1816 3404 est.

206 3428 413 3508 Vade,
457 3431 648 3490 iacent
681 3431 829 3500 nath
874 3448 1024 3510 quae
1067 3432 1177 3493 iam
1214 3433 1317 3494 tibi
1355 3439 1492 3492 vota
1530 3425 1914 3509 supersunt‘t2

2096 128 2219 191 249

2116 306 2219 361 635

2112 1152 2216 1207 645

2116 1574 2220 1630 650

2109 1997 2213 2051 655

2106 2844 2210 2899 665

2108 3267 2211 3324 670
