2517 3909
203 191 339 255 144
871 188 1310 246 P.PAP1N]1
1348 188 1591 243 STATII

196 334 354 419 *Ipse
399 335 664 402 madens
714 335 931 414 oculis,
977 334 1356 399 umbrarum
1403 333 1783 416 animaeque
1829 332 2148 417 sacerdos,

205 423 656 508 Praeciperem
699 422 1000 507 reditum,
1044 423 1148 488 cui
1193 426 1260 487 tc
1305 442 1426 487 nec
1472 419 1788 486 Cerberus
1835 422 2015 486 omni

201 511 337 579 Ore
382 521 502 578 nec'
549 511 848 597 Orpheae
894 512 1156 597 quirent
1202 513 1497 576 auertere
1541 510 1737 595 leges.

200 599 426 685 Atque
471 601 565 666 ibi
608 622 705 665 me
747 621 1088 686 moresque
1132 603 1282 665 tuos
1327 603 1394 664 et
1436 599 1614 664 facta
1659 601 1998 664 canentem

206 689 369 755 Fors
415 695 481 755 et
525 689 942 774 magniloquo
979 711 1123 754 anon
1157 688 1657 772 'posthabuisset
1699 686 2007 772 Homero,

200 778 529 843 Tenderet
573 782 640 844 et
685 779 874 844 docto
919 778 1130 863 pietas
1179 798 1455 861 aequare
1498 775 1773 841 Maroni.

202 864 340 934 Cur
384 868 594 953 magis
641 867 926 934 incessat
972 887 1240 951 superos
1288 869 1355 931 et
1399 866 1612 931 ahena
1656 886 1952 930 sororum

205 954 526 1041 Stamina,
570 977 733 1040 quae
777 956 998 1040 tepido
1045 955 1342 1041 genetrix
1390 976 1585 1057 super
1607 974 1869 1057 aggere
1912 954 2053 1019 nati

205 1043 385 1109 Orba
430 1045 614 1110 sedet
653 1045 759 1109 uel
808 1065 972 1129 quae
1007 1043 1326 1128 primaeui
1363 1044 1659 1129 coniugis
1695 1043 1916 1127 ignem

208 1132 466 1217 Aspicit
511 1134 974 1218 obstantesque
1018 1154 1251 1198 manus
1298 1133 1686 1217 turbamque
1728 1134 2058 1195 tenentem

203 1218 431 1287 Uincit
475 1223 553 1285 in
593 1222 953 1304 ardentem,
999 1221 1194 1287 liceat
1236 1221 1460 1305 modo,
1503 1221 1679 1285 itura
1724 1219 2076 1284 maritum?

202 1308 425 1376 Maior
469 1314 539 1375 at
581 1310 685 1376 his
731 1310 956 1375 forsan
1002 1330 1269 1393 superos
1316 1314 1384 1375 et
1427 1310 1704 1375 Tartara
1746 1308 1999 1393 pulsem

206 1397 493 1466 Inuidia:
539 1400 821 1464 externis
868 1400 1063 1464 etiam
1108 1399 1478 1464 miserabile
1522 1399 1668 1463 uisu

201 1485 428 1552 Funus
475 1490 634 1553 erat.
726 1487 839 1553 sed
881 1510 1001 1553 nec
1043 1488 1206 1552 mihi
1253 1509 1321 1552 se
1366 1486 1624 1554 Natura
1669 1486 1916 1552 dolenti

203 1573 273 1639 N
274 1597 346 1641 ec
373 1576 592 1641 Pietas
638 1576 709 1641 in
753 1577 926 1642 iusta
971 1577 1174 1660 dedit3
1222 1575 1388 1641 mihi
1431 1576 1660 1640 limine
1702 1576 1914 1660 primo

208 1663 521 1730 Fatorum
567 1668 634 1729 et
676 1664 894 1749 uiridi,
937 1665 1212 1751 genitor,
1259 1687 1376 1730 ceu
1421 1667 1646 1748 raptus
1694 1663 1776 1729 ab
1825 1684 1984 1729 aeuo

207 1753 486 1819 Tartara
532 1755 693 1821 dura
735 1755 944 1824 subis.·
1022 1775 1143 1819 nec
1188 1754 1365 1818 enim
1409 1753 1828 1818 Marathonia
1871 1752 2060 1839 uirgo

206 1841 476 1908 Parcius
523 1844 877 1909 extinctum
925 1863 1272 1909 saeuorum
1319 1843 1586 1907 crimine
1624 1844 1952 1928 agrestum

201 1929 492 1997 Fleuerit
533 1931 832 2017 Icarium,
875 1932 1167 2017 Phrygia
1212 1952 1407 2015 quam
1450 1934 1630 1995 turre
1675 1929 2013 1995 cadentem

207 2019 617 2105 Astyanacta
659 2041 911 2105 parens.
1001 2021 1229 2103 laqueo
1279 2020 1438 2104 quin
1479 2018 1595 2084 illa
1641 2040 1940 2103 supremo

202 2107 485 2174 Inclusit
529 2109 839 2195 gemitus:
886 2113 957 2174 at
1000 2113 1068 2173 te
1112 2111 1265 2193 post
1310 2109 1543 2174 funera
1586 2108 1810 2192 magni

205 2197 510 2263 Hectoris
554 2197 920 2264 Haemonio
967 2198 1175 2281 pudor
1219 2201 1321 2262 est
1364 2197 1641 2262 seruisse
1684 2195 1942 2261 marito.

207 2284 365 2352 Non
409 2308 551 2373 ego,
596 2308 757 2372 quas
802 2286 923 2351 fati
968 2287 1181 2351 certus
1228 2285 1356 2350 sibi
1399 2305 1559 2350 uoce
1606 2306 1846 2350 canora

208 2373 484 2446 Inferias
530 2374 892 2460 praemittit
936 2375 1078 2441 olor
1121 2395 1240 2439 nec
1286 2396 1449 2459 rupe
1491 2373 1664 2457 quod
1711 2376 1854 2438 atra

207 2462 588 2548 Tyrrhenae
634 2463 929 2528 uolucres
975 2463 1192 2528 nautis
1239 2463 1582 2547 praedulce
1626 2463 1974 2544 minantur,

205 2551 291 2617 In
334 2553 586 2636 patrios
633 2552 954 2618 adhibebo
1001 2572 1222 2637 rogos3
1267 2573 1402 2617 non
1446 2572 1772 2615 murmure
1817 2555 2047 2615 trunco

2278 526 2347 576 60

2280 969 2349 1019 65

2280 1412 2350 1463 ⁷0

2279 1856 2348 1906 75

2274 2298 2347 2348 80

349 2890 419 2941 58
466 2886 655 2942 oculos
704 2887 914 2941 Markl.
959 2888 981 2955 u
1024 2891 1092 2940 59
1129 2884 1519 2968 Praeciperem
1554 2883 1799 2939 reditum
1833 2883 2003 2939 idem:
2047 2882 2346 2939 Praecinc-

206 2973 325 3012 rem
370 2958 645 3040 gemitum
692 2963 727 3009 0
775 2977 810 3010 ει
843 2959 864 3027 ΙΙ
900 2963 966 3013 61
1004 2957 1193 3026 Atque
1228 2954 1312 3012 ibi
1346 2972 1438 3011 me
1473 2954 1770 3023 Heinsius,
1816 2970 1911 3025 eqo
1953 2956 1988 3009 l.
2026 2954 2062 3009 Ζ.
2097 2970 2155 3023 p
2193 2959 2348 3011 262.-

204 3027 393 3098 Atque
438 3027 549 3083 tibi
593 3033 629 3079 0
677 3048 712 3081 a.
764 3029 783 3100 Η
837 3034 904 3085 63
951 3028 1119 3082 docto
1168 3026 1407 3083 Markls
1450 3027 1613 3081 toruo
1650 3031 1697 3086 ,0
1734 3043 1794 3093 ας
1838 3027 1968 3093 fort.
2013 3028 2160 3080 terso
2196 3026 2228 3108 ΙΙ
2276 3031 2349 3082 64

205 3099 429 3155 habena
462 3103 534 3154 A.
581 3104 618 3151 0
653 3117 789 3154 num
824 3116 969 3156 aena
1003 3116 1082 3154 an
1118 3115 1254 3156 seua
1278 3098 1535 3153 habuerit
1560 3097 1829 3152 incertum
1852 3099 1873 3166 ΙΙ
1901 3102 1968 3153 68
1997 3095 2163 3151 modo
2192 3094 2351 3152 itura

65 3210 93 3230 ..
206 3168 549 3225 Scriucrius:
589 3171 865 3225 moritura
882 3175 918 3221 0
947 3189 982 3222 ει
1016 3169 1231 3226 ruitura
1248 3169 1519 3224 Heinsius
1544 3170 1565 3236 ΙΙ
1592 3174 1658 3226 69
1698 3169 1761 3223 at
1794 3168 1882 3222 his
1917 3167 2107 3224 forsan
2141 3169 2350 3237 scripsi

204 3241 244 3294 l.
281 3242 347 3294 l..·
388 3240 517 3295 aliis
551 3240 739 3297 forsan
774 3245 820 3294 A
858 3246 894 3292 0
941 3243 1090 3296 certe
1136 3240 1265 3296 aliis
1301 3240 1465 3295 Dom.
1493 3241 1514 3309 ΙΙ
1544 3246 1608 3294 71
1648 3241 1854 3295 erat&
1893 3241 1988 3294 eat
2022 3244 2057 3290 0
2095 3256 2130 3291 a
2159 3238 2170 3308 Ι
2201 3240 2350 3295 mihi

168 3369 172 3372 ,
210 3311 561 3367 Politianus:
604 3313 773 3367 modo
811 3317 846 3363 0
883 3314 963 3382 ⁸.ss
991 3318 1057 3367 72
1094 3310 1305 3368 iniusta
1342 3316 1377 3362 0
1414 3329 1465 3378 a,
1506 3326 1646 3367 corr.
1685 3310 2046 3365 Booehmm'us
2070 3312 2091 3379 ΙΙ
2118 3314 2188 3364 73
2226 3312 2347 3365 An-

206 3399 408 3450 norum
444 3383 657 3437 Markl.
694 3385 715 3452 fl
752 3389 819 3438 76
866 3383 1002 3438 dure
1046 3399 1141 3437 seu
1187 3382 1311 3438 dira
1347 3382 1617 3438 Heinsius
1647 3382 1657 3450 Ι
1691 3388 1757 3438 77
1796 3397 2054 3451 supremo
2088 3385 2124 3431 0
2152 3398 2213 3435 ax
2254 3398 2345 3437 su-

205 3470 429 3524 premos
465 3454 583 3509 edd.
612 3454 633 3524 ΙΙ
662 3458 728 3508 ’18
765 3460 827 3509 at
860 3458 910 3507 A
945 3459 1005 3508 0:
1043 3454 1103 3509 et
1139 3458 1175 3509 ς
1202 3456 1223 3523 ΙΙ
1250 3460 1321 3509 80
1356 3469 1496 3509 uoce
1531 3452 1680 3509 edd„-
1714 3454 1895 3507 morte
1931 3457 1967 3504 0
2003 3468 2041 3507 a
