2517 3909
176 195 214 229 x
840 167 1181 224 EDITORIS
1218 166 1653 223 PRAEFATIO.

181 315 508 385 communi
563 314 778 396 fonte,
837 314 908 378 in
968 335 1095 397 quo
1142 314 1276 377 iam
1320 313 1530 378 multa
1571 312 1736 378 false
1783 312 2112 399 descripta
2166 338 2328 382 non-

176 407 482 490 nullaque
527 403 919 487 interpolata
978 404 1215 467 essent.
1305 404 1643 486 praeterea
1688 423 1833 468 cum
1880 400 2321 489 sangallensis

177 496 338 562 locis
374 491 707 558 nonnullis
745 491 1053 556 damnum
1101 491 1472 576 accepisset,
1519 491 1882 575 apographi
1933 493 2146 558 scriba
2182 516 2321 560 non

178 584 376 650 nimis
423 584 709 647 attentus
754 580 882 645 fuit
924 580 1161 645 litteris
1199 579 1492 645 euanidis
1539 579 1969 665 dinoscendis,
2011 580 2323 648 Politiani

180 675 396 739 autem
443 670 816 756 diligentiae
865 670 1330 735 accuratiorem
1375 669 1454 734 de
1508 668 1600 733 eis
1645 669 1951 734 notitiam
1996 669 2321 737 debemus.

180 767 246 828 et
307 761 377 826 in
433 759 538 824 his
593 780 848 845 quoque
900 759 1150 824 lacunis
1208 758 1360 822 libri
1412 758 1655 823 nouicii
1709 757 1791 822 ad
1847 780 2048 824 unum
2095 782 2319 828 omnes

180 848 924 1022 {ffiffffussssfigffiessssff
945 845 1674 1021 affiglpffiffis
1694 845 2135 1020 2330301312222
2188 849 2320 1004 ἓξὲξ

177 1052 313 1095 non
349 1026 773 1112 possidemUS,
809 1024 1156 1091 admodum
1194 1024 1544 1090 dolendum
1582 1028 1705 1109 est;
1742 1025 1917 1111 quod
1954 1026 2010 1091 si
2047 1027 2321 1113 adesset,

176 1117 388 1184 labori
445 1116 650 1181 multo
711 1114 1125 1198 supersedere
1183 1113 1424 1179 liceret.
1499 1135 1654 1179 nam
1713 1135 1860 1180 cum
1913 1116 2319 1182 nouiciorum

177 1208 494 1273 librorum
547 1204 699 1269 inde
744 1203 1179 1287 profectorum
1235 1203 1474 1270 nullus.
1514 1224 1591 1268 ea
1645 1203 1749 1269 cui
1806 1206 1951 1269 tuto
1999 1205 2317 1271 confidere

177 1296 390 1381 possis
438 1292 774 1379 diligentia
817 1292 982 1357 illud
1026 1292 1256 1357 reddat
1309 1314 1584 1377 cumque
1641 1314 1865 1358 eorum
1911 1293 2317 1379 singulorum

172 1386 481 1450 lectiones
535 1382 823 1447 incertae
882 1381 1016 1446 sint
1071 1381 1476 1466 saepissime,
1532 1385 1683 1447 ante
1739 1382 1957 1448 omnia
2011 1382 2164 1449 huic
2218 1385 2315 1449 rei

175 1474 392 1539 danda
447 1473 546 1537 est
600 1492 799 1555 opera
849 1473 926 1534 ut
976 1492 1058 1535 ex
1102 1470 1538 1536 consentienti
1592 1472 1737 1555 plus
1784 1472 2081 1538 minusue
2125 1474 2316 1538 noui-

174 1564 422 1628 ciorum
450 1560 771 1645 scriptura
799 1559 1017 1625 eiectis
1044 1560 1514 1644 posterioribus
1543 1558 1858 1626 Italorum
1886 1564 1954 1625 et
1988 1563 2314 1628 erroribus

173 1655 242 1716 et
287 1649 665 1716 commentis
712 1670 790 1713 ea
835 1670 998 1734 quae
1045 1647 1494 1736 apographum
1530 1650 1845 1733 praebuit,
1889 1651 1961 1714 in
1997 1654 2316 1736 quantum

174 1741 314 1805 fieri
347 1740 518 1823 licet,
561 1738 1004 1804 restituantur.
1077 1739 1308 1823 quibus
1345 1738 1663 1804 restitutis
1702 1760 1848 1803 cum
1884 1740 2122 1804 ueteris
2151 1738 2315 1805 San-

175 1828 489 1915 gallensis
549 1827 766 1912 imago
832 1829 899 1891 et
949 1828 1094 1912 ipsa
1146 1827 1500 1911 deprauata
1544 1826 1781 1893 euadat
1824 1849 2096 1914 cumque
2139 1828 2312 1894 Poli-

171 1919 338 1983 tiani
393 1916 674 1983 conlatio
728 1937 865 1981 non
921 1916 1134 1981 minus
1190 1938 1423 1982 manca
1469 1916 1573 2001 sit,
1618 1915 1802 1982 uides
1850 1939 2045 2002 quam
2079 1940 2313 2002 parum

172 2009 317 2075 tuto
363 2006 788 2072 fundamento
835 2005 1149 2071 siluarum
1194 2004 1484 2071 recensio
1529 2005 1865 2070 innitatur.

348 2094 845 2161 Postulantibus
903 2097 1122 2159 autem
1171 2092 1475 2159 editionis
1522 2097 1785 2159 nostrae
1830 2094 2191 2161 rationibus
2237 2100 2314 2162 ut

169 2207 366 2271 quam
402 2182 782 2248 breuissime
821 2186 886 2247 et
924 2183 1185 2249 omissis
1220 2182 1513 2247 minutiis
1522 2180 1588 2266 ²¹²)
1624 2182 1921 2249 lectionis
1951 2184 2310 2269 antiquitus

169 2274 447 2339 traditae
500 2271 737 2338 notitia
783 2271 1072 2350 daretur,
1129 2272 1305 2336 uiam
1359 2271 1553 2337 modo
1600 2271 2035 2357 significatam
2079 2273 2200 2337 inii
2245 2277 2311 2339 et

173 2361 444 2427 abiectis
510 2359 783 2441 singulis
840 2360 1028 2426 libris
1088 2359 1543 2446 apographum
1608 2360 1774 2424 illud
1846 2363 2310 2427 reconcinnare

169 2451 409 2534 studui,
456 2472 601 2515 cum
645 2450 1028 2532 praesertim
1073 2450 1403 2534 integrum
1449 2452 1835 2533 apparatum
1881 2450 2176 2515 criticum
2224 2452 2309 2518 ab

170 2563 248 2606 eo
287 2538 578 2604 exhiberi
613 2559 733 2621 par
771 2541 959 2622 esset,
995 2538 1107 2624 qui
1143 2538 1509 2624 colligendo
1546 2538 1645 2603 illi
1683 2560 1797 2622 per
1831 2539 2073 2605 multos
2102 2561 2309 2606 annos

170 2650 436 2714 operam
485 2627 897 2713 studiumque
942 2626 1277 2711 impendit.
1347 2628 1567 2711 itaque
1603 2627 1952 2692 Imhofium
1988 2650 2141 2695 mox
2175 2629 2309 2713 ple-

168 2740 325 2782 nam
372 2716 832 2801 supellectilem
879 2714 1076 2782 Statii
1120 2716 1429 2782 studiosis
1473 2715 1864 2783 traditurum
1909 2737 2049 2781 esse
2095 2739 2312 2801 spera-

166 2829 346 2890 mus3
402 2828 524 2872 nos
579 2805 843 2869 interim
900 2806 1227 2870 succincta
1288 2807 1517 2869 nostra
1563 2804 1988 2870 adnotatione
2035 2806 2117 2870 ad
2160 2829 2309 2890 pro·

169 2894 492 2960 mouenda
535 2893 695 2959 haec
741 2894 958 2959 studia
1004 2893 1252 2978 aliquid
1297 2893 1588 2959 conferre
1632 2893 1825 2958 nobis
1871 2893 2183 2960 uidemur.

347 2983 438 3048 Et
481 2983 643 3049 haee
689 2981 951 3069 quidem
994 2981 1075 3050 de
1111 2979 1539 3069 Sangallensi.
1611 3004 1812 3047 unum
1848 2985 2065 3047 autem
2115 2984 2308 3048 silua-

163 3094 313 3137 rum
367 3093 627 3138 carmen
678 3073 959 3157 reperire
1022 3072 1214 3138 nobis
1272 3072 1551 3157 contigit
1609 3072 1680 3136 in
1740 3070 1958 3137 codice
2018 3071 2305 3157 antiquo.

168 3184 315 3227 cum
390 3161 562 3227 enim
629 3159 995 3226 Politianus
1056 3161 1141 3227 ad
1197 3161 1265 3226 H
1327 3162 1362 3226 7
1426 3160 1833 3226 adnotasset:
1905 3160 2140 3226 Inueni
2196 3160 2309 3226 hoc

343 3370 392 3441 *)
438 3370 569 3426 hinc
613 3388 741 3427 raro
787 3372 862 3428 ad
907 3371 1341 3444 orthographica
1386 3370 1873 3427 commemoranda
1908 3369 2199 3438 descendi3
2245 3369 2309 3425 in

163 3442 368 3510 quibus
403 3443 519 3498 fere
555 3442 762 3514 ubique
803 3443 1045 3514 optimos
1082 3444 1256 3500 libros
1292 3441 1470 3501 tacite
1505 3458 1628 3497 sum
1665 3442 1907 3498 secutus.
