2517 3909
861 141 1262 193 mesmes
1309 127 1459 193 ΗΒ..
1490 143 1557 194 v.

205 296 457 360 Sordida
499 315 837 378 magnorum
880 299 1036 361 eirea
1078 299 1330 378 vesu‘gia
1362 317 1569 379 regum

201 382 500 462 Vertitur,
546 392 607 445 et
644 384 828 445 tacite
860 384 1257 445 moerentibus
1300 386 1524 465 inputat
1565 386 1766 446 undas.

334 467 412 529 Et
452 468 564 530 iam
606 468 858 530 sacrifici
899 468 1124 530 subitus
1169 487 1280 549 per
1310 479 1468 531 tecta
1509 469 1761 548 Lycurgi

201 552 451 613 Nuntius
485 553 734 633 inplerat
776 553 1028 614 lacrimis
1073 554 1381 634 ipsumque
1422 555 1789 635 domumque,

201 636 401 717 Ipsum
444 637 847 698 adventantem
888 637 1092 699 Persei
1124 641 1353 700 vertice
1396 649 1602 700 saneto

202 720 450 797 Montis,
495 720 594 782 ubi
636 722 889 783 adverso
933 722 1179 784 dederat
1214 732 1498 803 prosecta
1541 725 1807 799 Tonanti,

203 804 286 866 Et
325 815 501 886 caput
538 807 699 867 iratis
739 806 976 868 rediens
1018 807 1334 887 quassabat
1373 807 1445 870 ab
1484 810 1655 871 extis.

201 888 315 951 Hic
358 908 495 952 sese
540 889 841 969 Argolicis
875 892 1161 953 inmunem
1201 902 1403 954 servat
1441 893 1513 954 ab
1552 892 1724 955 armis

203 973 370 1037 Haud
410 976 580 1036 animi
621 992 875 1053 vacuus,
919 976 1027 1038 sed
1072 977 1291 1057 templa
1334 995 1591 1057 araeque
1629 978 1926 1041 tenebant.
1970 1021 1976 1026 ‚

200 1056 468 1122 Necdum
511 1061 681 1123 etiam
723 1078 1014 1140 responsa
1053 1062 1229 1123 deum
1274 1064 1642 1143 monitusque
1685 1066 1900 1125 vetusti

202 1142 592 1223 Exciderant,
637 1161 877 1226 voxque
920 1164 997 1206 ex
1038 1146 1228 1222 adytis
1271 1156 1519 1227 accepta
1551 1147 1874 1228 profundis,

206 1227 466 1307 ‘Prima‚
510 1228 813 1308 Lycurge,
856 1230 1021 1292 dabis
1062 1230 1319 1293 Dircaeo
1361 1233 1568 1294 funera
1611 1232 1822 1294 bello)

203 1311 271 1374 ld
312 1323 517 1393 cavet,
560 1323 623 1376 et
654 1323 916 1376 moestus
954 1316 1131 1376 vicini
1174 1317 1422 1396 pulvere
1460 1314 1661 1377 Martis

203 1396 455 1476 Angitur
498 1398 571 1460 ad
610 1398 788 1460 lituos
823 1399 1215 1481 periturisque
1251 1401 1472 1462 invidet
1508 1402 1701 1462 armis.

292 1483 297 1487 ’
334 1481 497 1543 Ecce
538 1483 686 1544 fides
725 1485 1028 1564 superum!
1070 1485 1300 1547 laceras
1342 1486 1614 1547 comitata
1655 1485 1935 1548 Thoantis

203 1567 460 1628 Advenit
500 1569 815 1647 exequias:
863 1578 1064 1631 contra
1105 1569 1261 1631 subit
1303 1570 1478 1631 obvia
1513 1580 1718 1648 mater,

202 1651 517 1714 Femineos
539 1661 770 1713 ‘coetus
812 1653 1267 1734 plangentiaque
1312 1655 1537 1731 agmina
1580 1655 1818 1717 ducens.

204 1737 287 1798 At
327 1754 444 1797 non
479 1738 842 1815 magnanimo
880 1740 1071 1817 pietas
1108 1740 1321 1817 ignava
1362 1738 1654 1816 Lycurgo,

207 1820 445 1885 Fortior
487 1821 590 1882 ille
632 1822 833 1900 malis,
882 1822 1267 1903 lacrimasque
1309 1824 1510 1883 insana
1551 1821 1826 1884 resorbet

202 1906 299 1968 Ira
343 1907 560 1986 patris,
606 1906 786 1985 longo
830 1908 984 1988 rapit
1024 1925 1162 1969 arva
1205 1908 1486 1969 morantia
1531 1924 1708 1988 passu

203 1990 584 2053 vociferans:
626 1991 759 2054 ‘Illa
804 2001 996 2053 autem
1037 1991 1305 2069 ubinam,
1355 1993 1448 2052 cui
1490 2010 1672 2072 parva
1706 1991 1934 2053 cruoris

202 2076 460 2138 Laetave
507 2076 709 2138 damna
756 2074 915 2137 mei?
958 2075 1220 2138 vivitne?
1260 2076 1529 2157 inpellite
1572 2084 1819 2157 raptant,

203 2160 386 2223 Ferte
431 2160 529 2222 citi
574 2161 847 2231 comites;
890 2162 1030 2223 faxo
1070 2163 1254 2224 omnis
1297 2161 1492 2223 fabula
1535 2161 1732 2223 Lemni

202 2245 282 2307 Et
324 2255 493 2325 pater
540 2254 600 2307 et
637 2246 888 2308 tumidae
930 2248 1171 2326 generis
1213 2246 1516 2309 mendacia
1555 2248 1710 2309 sacri

202 2329 567 2391 Exciderint.
661 2329 816 2407 Ibat,
864 2332 1161 2412 letumque
1204 2334 1425 2394 inferre
1464 2332 1708 2414 parabat

202 2414 366 2476 Ense
409 2415 610 2476 furens
649 2424 852 2496 rapto,
894 2418 1150 2478 venienti
1197 2417 1458 2479 Oeneius
1497 2417 1677 2477 heros

203 2500 444 2581 Inpiger
480 2499 715 2561 obiecta
757 2501 1061 2580 proturbat
1094 2511 1341 2581 pectora
1382 2519 1600 2581 parma.

206 2584 300 2646 Ac
343 2584 512 2646 simul
555 2584 922 2647 infrendens:
969 2587 1161 2647 ‘Siste
1203 2588 1394 2663 hunc,
1433 2602 1657 2647 vesane
1677 2629 1696 2662 ‚
1742 2585 2019 2661 furorem,

206 2668 487 2749 Quisquis
526 2673 640 2730 es.'
728 2668 806 2730 Et
844 2672 1066 2749 pariter
1101 2669 1413 2751 Capaneus
1451 2687 1711 2750 acerque
1751 2670 1998 2732 reducto

205 2753 389 2815 Affuit
430 2753 838 2835 Hippomedon
878 2765 1164 2836 rectoque
1210 2754 1617 2833 Erymanthius
1662 2772 1827 2831 ense,

207 2837 300 2900 Ac
344 2840 612 2901 iuvenem
648 2838 828 2901 multo
872 2843 1267 2920 perstringunt
1307 2841 1537 2902 lumine.
1626 2838 1702 2900 At
1743 2839 1881 2901 inde

204 2923 526 3002 Agrestum
567 2942 679 3005 pro
721 2941 868 3003 rege
909 2942 1148 2995 manus3·
1188 2942 1337 3005 quos
1381 2919 1530 2986 inter
1571 2922 1857 2987 Adrastus

203 3006 436 3087 Mitior,
483 3018 546 3070 et
586 3010 786 3071 sociae
829 3008 1049 3070 veritus
1098 3010 1447 3071 commercia
1486 3011 1668 3073 vittae

208 3092 598 3174 Amphiaraus
642 3095 754 3156 ait:
796 3092 924 3156 ‘Ne
964 3129 1051 3142 —-
1088 3111 1341 3175 quaes03
1389 3093 1659 3156 absistite
1692 3095 1876 3173 ferro,

207 3177 371 3239 Unus
413 3196 583 3240 avum
620 3180 888 3259 sanguis,
931 3197 1086 3241 neve
1127 3178 1429 3258 indulgete
1473 3179 1680 3256 furori,

207 3261 414 3343 Tuque
453 3264 661 3344 prior.'
742 3265 862 3327 Sed
897 3281 1014 3326 non
1056 3263 1265 3326 sedato
1307 3273 1555 3345 pectore
1599 3263 1836 3341 Tydeus

205 3348 463 3411 Subicit:
507 3348 709 3411 ‘Anne
748 3349 957 3412 ducem
996 3350 1494 3430 servatricemque
1534 3348 1797 3410 cohortis

201 3431 480 3497 Inachiae
520 3433 760 3515 ingratis
804 3452 1003 3499 coram
1045 3441 1131 3497 tot
1171 3434 1428 3498 millibus
1464 3433 1650 3498 audes

2087 132 2204 194 109

2101 1076 2203 1131 645

2104 1916 2208 1971 655

2105 3188 2211 3244 670
