2517 3909
833 144 1230 198 THEBAIDOS
1275 148 1414 200 Lm.
1462 149 1536 199 11.
2109 142 2187 202 33

195 301 602 381 Dircaeusque
636 299 876 380 gradum
918 303 1254 383 pariterque
1293 303 1616 373 Acheloius
1644 304 1829 371 heros
1948 359 1953 364 .

204 385 557 467 Corripuere
596 388 764 448 toris.
840 386 985 448 Illos
1027 397 1194 467 post
1207 388 1481 452 verbera
1501 390 1757 455 fessos
1814 461 1817 462 ⁷
1900 457 1903 462 ,

197 470 642 551 Exeeptamque
678 470 926 534 hiemem
959 488 1150 536 cornu„
1181 473 1523 551 perfuderat
1565 477 1733 546 omni
1806 519 1829 526 --
2130 519 2137 526 -

200 557 479 617 Somnus:
526 565 584 617 at
624 556 858 618 Inachio
902 557 1095 624 tenuis
1134 556 1245 617 sub
1288 567 1533 658 pectore
1576 562 1706 637 regi
2088 575 2188 630 145

201 640 414 702 Tracta
455 641 661 721 quies,
708 641 839 703 dum
879 651 1071 704 mente
1111 641 1289 708 deos
1305 644 1658 723 inceptaque
1699 655 1896 707 versat

195 725 497 806 Hospitia,
537 735 598 787 et
639 744 789 806 quae
827 728 937 787 sint
975 727 1210 805 generis
1255 727 1478 792 adscita
1523 732 1776 808 repertis
1834 769 1839 774 -

193 808 338 871 Fata
377 820 592 871 movet.
679 811 988 911 Postquam
1027 812 1236 880 mediis
1274 813 1338 876 in
1377 812 1618 876 sedibus
1657 814 1825 876 aulae

199 892 521 975 Congressi
563 896 736 975 inque
780 898 988 960 vicem.
1010 898 1246 958 dextras
1299 897 1543 958 iunxere
1586 897 1917 979 locumque,

202 978 333 1054 Quo
377 998 581 1042 serere
629 997 871 1043 arcanas
916 990 1112 1060 aptum
1153 990 1327 1061 atque
1367 977 1665 1049 evolvere
1696 1002 1887 1062 ouras,
2089 999 2192 1051 150

199 1063 484 1136 Insidnnt;
529 1067 694 1145 prior
731 1065 820 1126 his
861 1061 1074 1127 dubios
1105 1066 1443 1145 compellat
1453 1065 1766 1129 Adrastus:

333 1148 613 1228 Egregii
655 1152 956 1227 iuvenum,
989 1167 1140 1231 quos
1181 1167 1299 1211 non
1341 1152 1468 1212 sine
1511 1153 1739 1213 numine
1779 1156 1975 1232 regnis
2058 1201 2083 1224 ,.

194 1233 425 1295 Invexit
469 1253 606 1296 nox
631 1236 838 1298 dextra
876 1236 1057 1312 meis,
1104 1234 1312 1315 quibus
1354 1237 1488 1315 ipse
1528 1254 1637 1316 per
1672 1237 1915 1316 imbres,

194 1318 548 1380 Fulminibus
591 1321 800 1382 mixtos
833 1321 1371 1419 intempestumque
1416 1320 1761 1384 Tonantem
1880 1387 1887 1394 ,

193 1403 316 1464 Has
350 1422 513 1464 meus
549 1423 736 1485 usqne
773 1406 978 1466 domos
1014 1406 1262 1481 vestigia
1305 1404 1451 1469 feeit
1488 1404 1741 1485 Apollo;
2032 1467 2037 1474 ,
2087 1423 2188 1475 155

193 1487 330 1549 Non
375 1488 640 1568 equidem
678 1489 985 1552 obscurum
1022 1488 1218 1552 vohis
1234 1489 1514 1569 plebique
1549 1488 1838 1569 Pelasgae

190 1572 347 1634 Esse
390 1591 562 1650 reor,
606 1576 832 1653 quantis
877 1572 1123 1636 eonuhia
1162 1582 1362 1634 nostra
1405 1591 1729 1653 procorum
1812 1615 1815 1624 1

194 1657 391 1720 Turba
432 1667 629 1739 petant
669 1658 906 1724 surdiis.
950 1659 1216 1742 geminae
1259 1656 1395 1721 mihi
1438 1677 1724 1739 namque,
1769 1670 2085 1739 nepotum

188 1743 371 1805 Laeta
410 1743 586 1820 fides,
631 1760 821 1823 aequo
855 1735 1184 1822 pubescunt
1224 1742 1419 1804 sidere
1462 1751 1652 1812 natae.

192 1828 454 1904 Quantus
496 1829 683 1890 honos
727 1837 1092 1908 quantusque
1134 1826 1359 1907 pudor,
1397 1844 1473 1896 ne
1518 1827 1738 1887 credite
1786 1830 1954 1906 patri,
2087 1840 2188 1897 160

190 1912 270 1974 Et
312 1932 490 1993 super
530 1913 838 1975 hesternas
873 1912 1040 1981 heuit
1079 1928 1453 1988 cognoscere
1491 1928 1744 1980 mensas

81 2001 94 2008 “
189 1997 311 2058 Has
354 1997 550 2059 tumidi
587 1998 739 2059 solio
780 2006 839 2060 et
881 1998 998 2061 late
1038 1995 1462 2059 dominantibus
1503 1995 1674 2056 armis

193 2081 489 2162 Optavere
532 2084 670 2143 viri
684 2116 769 2131 -—-·
805 2083 1041 2161 longum
1082 2098 1426 2144 enumerare
1467 2080 1762 2142 Pharaeos
1974 2127 1979 2134 .
2024 2129 2031 2140 .

193 2162 591 2248 Oebaliosque
637 2168 851 2245 duees,
894 2199 983 2216 --·
1028 2174 1086 2228 et
1127 2166 1371 2232 Achaea
1416 2184 1525 2245 per
1564 2165 1783 2246 oppida
1824 2147 2058 2240 matres,

191 2249 374 2327 Spem
419 2254 688 2330 generis,
732 2270 843 2314 nee
885 2253 1064 2333 plura.
1089 2261 1221 2314 tuus
1258 2251 1619 2331 despexerat
1653 2248 1891 2313 Oeneus
2087 2260 2186 2326 lfi5

186 2331 460 2395 Foedera
501 2336 840 2418 Pisaeisque
884 2354 1061 2420 socer
1098 2337 1441 2400 metuendus
1484 2334 1779 2402 habenis

192 2417 314 2479 Sed
357 2418 493 2479 mihi
531 2438 646 2480 nee
682 2422 896 2508 Sparta
934 2415 1167 2500 genitos
1208 2440 1323 2484 nee
1366 2419 1437 2480 ab
1481 2419 1654 2486 Elide
1697 2420 1909 2480 missos
2039 2463 2044 2472 .
2137 2443 2143 2450 ·

188 2502 440 2581 Iungere
482 2504 572 2565 fas
610 2519 895 2582 generos:
931 2506 1106 2572 vobis
1142 2506 1238 2568 hie
1278 2506 1517 2583 sanguis
1568 2512 1627 2564 et
1670 2503 1840 2567 aulae

188 2588 322 2651 Iura
360 2606 559 2666 meae,
598 2590 777 2668 longo
821 2591 1178 2671 promittitur
1203 2589 1411 2650 ordine
1454 2588 1577 2648 fati.
2036 2623 2042 2632 ·
2146 2637 2153 2648 .

188 2673 265 2735 Di
306 2672 491 2751 bene,
538 2675 693 2754 quod
732 2675 900 2735 tales
921 2673 1656 2753 stirpemqueanimosque
1700 2673 1953 2748 venitis„
2086 2682 2186 2742 170

189 2756 268 2818 Ut
309 2775 593 2837 responsa
637 2761 860 2820 iuvent:
895 2759 992 2820 hie
1036 2758 1217 2819 durae
1253 2766 1518 2836 tempore
1561 2758 1785 2821 noetis·
2020 2779 2025 2786 ·

189 2841 393 2903 Partus
432 2841 650 2921 honos,
697 2843 848 2905 haee
886 2842 987 2904 illa
1022 2842 1182 2904 venit
1218 2850 1357 2921 post
1396 2841 1644 2907 verbera
1679 2846 1975 2916 merces).

315 2926 668 3005 Audieram,
709 2927 980 3007 fixosque
1023 2926 1229 2988 oeulos
1273 2944 1379 3005 per
1426 2935 1620 2988 mutua
1657 2925 1892 3007 paulum

189 3009 305 3072 Ora
346 3020 579 3088 tenent,
622 3014 862 3092 visique
891 3013 1043 3073 inter
1079 3029 1242 3072 sese
1260 3009 1463 3072 ordine
1506 3009 1663 3072 fandi

191 3093 444 3157 Cedere.
536 3098 656 3158 Sed
701 3097 925 3160 eunetis
967 3094 1201 3173 Tyeens
1239 3093 1542 3157 audentior
1583 3098 1733 3158 actis
1952 3123 1957 3134 -
2083 3104 2182 3160 1⁶15

186 3179 426 3261 Incipit:
471 3180 557 3241 O
599 3200 765 3261 quam
810 3191 868 3243 te
912 3199 1173 3263 pereum
1194 3182 1254 3240 in
1294 3183 1609 3259 praeconia
1652 3181 1841 3244 famae

183 3262 351 3327 lens
394 3267 576 3346 agitat
607 3275 828 3330 matura
863 3277 1033 3344 tuae,
1076 3267 1465 3347 quantumque
1505 3265 1791 3334 ferentem

183 3348 496 3412 Fortunam
536 3352 746 3414 virtute
789 3352 1018 3416 domas!
1096 3348 1202 3412 Cui
1240 3348 1410 3414 cedat
1452 3351 1736 3416 Adrastus

184 3432 496 3513 Imperiis?
539 3439 668 3516 quis
710 3447 772 3501 te
810 3438 964 3501 solio
993 3436 1276 3514 ‚Sicyonis
1318 3435 1507 3500 avitae

276 3536 544 3583 STA'rms
589 3543 660 3584 11.
1633 3587 1638 3592 .
1819 3517 1854 3577 3
