2517 3909
807 172 1206 223 'summos
1239 173 1380 222 m.
1415 173 1512 223 v1.
2073 160 2193 224 135

309 329 641 392 Iamdudum
682 328 884 392 variae
916 329 1122 391 la'udes
1169 339 1229 393 et
1268 330 1510 392 ‘comnia
1550 329 1735 391 virtus

186 414 394 492 Tydea
435 415 853 492 magnanimum
896 415 1140 476 stimulis
1186 416 1520 494 ingentibus
1562 422 1800 493 angunt.

185 500 301 565 Ille
345 500 574 581 quidem
620 508 682 561 et
715 498 881 561 diseo
922 499 1110 561 honus
1153 509 1217 561 et
1256 500 1613 561 comendere
1657 518 1852 576 cursu,

185 585 319 647 Nec
363 594 566 646 caestu
605 583 832 646 bellare
866 585 1084 663 minor,
1128 585 1237 646 sed
1274 586 1457 646 eorde
1501 584 1739 646 labores
1822 611 1827 618 2

187 671 345 732 Ante
389 668 539 729 alios
581 678 708 730 erat
749 678 921 731 nnete
958 669 1115 748 pale.
1198 671 1301 731 Sic
1342 671 1460 731 otia
1497 669 1701 730 Martis
1972 711 1979 718 ·
2079 677 2197 734 830.

185 753 430 833 Degere
473 762 533 814 et
575 752 876 814 armiferas
916 753 1119 815 laxare
1161 764 1507 816 assueverat
1547 755 1687 830 iras,

185 838 472 916 Ingentes
515 847 718 900 contra
752 837 858 899 ille
897 840 1091 915 viros,
1136 839 1427 901 Acheloia
1470 839 1691 899 circum

186 922 420 999 Litora,
461 922 793 1001 felicesque
825 922 941 986 dec
981 933 1339 985 monstrante
1384 923 1730 1003 palaestras.

314 1006 477 1086 Ergo
518 1006 616 1067 ubi
661 1007 968 1069 luctandi
950 1026 1194 1070 luvenes
1227 1010 1489 1069 animosa
1530 1007 1781 1069 citavit

187 1089 425 1168 Gloria,
470 1090 761 1152 terrificos
803 1091 1058 1153 humeris
1099 1092 1351 1154 Aetolus
1394 1093 1636 1153 amictus
2078 1102 2186 1158 835

183 1174 432 1237 Exuitur
469 1176 828 1256 patriumque
867 1194 1062 1246 suem3
1105 1177 1267 1238 levat
1308 1165 1487 1238 ardua
1531 1184 1735 1239 contra

185 1259 478 1338 Membra,
517 1257 850 1322 Cleonaeae
892 1261 1090 1340 stirpis
1117 1263 1381 1322 iactator
1414 1259 1731 1338 Agylleus,

182 1344 477 1407 Herculea
517 1362 631 1405 nec
670 1345 828 1406 mole
870 1346 1089 1422 minor,
1135 1345 1578 1424 sic-grandibus
1620 1344 1740 1406 alte

181 1428 498 1508 Insurgens
540 1428 794 1491 humeris
836 1430 1125 1492 hominem
1160 1448 1339 1509 super
1376 1428 1661 1509 inprobus
1706 1431 1846 1491 exit.

181 1514 306 1576 Sed
343 1531 459 1574 non
497 1514 599 1575 ille
637 1514 801 1593 rigor
838 1516 1201 1594 patriumque
1247 1516 1309 1575 in
1355 1531 1611 1595 corpore
1644 1514 1848 1578 robur.
2073 1524 2185 1581 840

179 1599 496 1661 Luxuriant
538 1607 726 1677 artus,
765 1598 1068 1678 effusaque
1106 1600 1386 1676 sunguine
1426 1599 1567 1663 laxo

179 1682 445 1745 Membra
486 1692 709 1752 natant;
754 1683 889 1745 inde
932 1683 1083 1744 haec
1120 1683 1311 1745 audax
1344 1683 1551 1746 fiducia
1591 1693 1811 1746 tantum

184 1766 446 1829 Oenidae
491 1784 772 1847 superare
811 1785 1034 1848 parem.
1091 1766 1450 1847 Quamquam
1489 1769 1622 1847 ipse
1663 1769 1854 1831 videri

181 1850 477 1932 Exiguus,
521 1853 722 1932 gravia
763 1868 901 1913 ossa
937 1860 1130 1914 tamen
1167 1853 1459 1932 nodisque
1495 1852 1704 1914 lacerti

181 1935 493 1998 Difficiles.
577 1936 897 2016 Numquam
929 1936 1083 1998 huno
1124 1938 1370 1998 animum
1408 1945 1609 2000 natura
1644 1937 1852 1999 minori
2074 1947 2178 2005 845

185 2020 491 2102 Corpore,
532 2037 648 2082 nee
685 2029 884 2085 tantas
914 2039 1055 2082 ausa
1097 2031 1191 2082 est
1228 2021 1534 2084 includere
1570 2023 1749 2087 vires.

310 2105 620 2185 Postquam
659 2106 801 2167 oleo
838 2107 1043 2184 gavisa
1086 2107 1271 2184 cutis,
1311 2108 1462 2186 petit
1500 2124 1741 2187 aequor
1760 2114 2010 2207 uterque

180 2190 475 2253 Proeursu
514 2190 761 2252 medium
801 2199 977 2271 atque
1010 2190 1215 2253 hausta
1253 2192 1502 2253 vestitur
1539 2210 1736 2254 arena.

184 2274 331 2337 Tum
372 2275 636 2337 madidos
676 2284 833 2336 artus
877 2276 1105 2341 alterno
1140 2275 1387 2356 pulvere
1430 2276 1675 2354 siccant,

184 2358 474 2439 Collaque
521 2359 858 2422 demersere
901 2360 1155 2422 humeris
1202 2370 1262 2421 et
1306 2360 1546 2422 brachia
1580 2361 1701 2422 late
2069 2366 2177 2423 850

181 2445 339 2507 Vara
378 2452 596 2506 tenent.
675 2443 796 2506 Iam
830 2454 968 2506 tunc
1007 2454 1138 2506 astu
1179 2444 1417 2508 deducit
1457 2446 1517 2504 in
1554 2450 1805 2522 aequum

182 2528 477 2606 Callidus,
522 2537 583 2590 et
626 2528 850 2590 celsum
891 2539 1208 2610 procurvat
1241 2527 1500 2606 Agyllea
1542 2528 1778 2604 Tydeus

181 2614 519 2678 Submissus
557 2622 764 2692 tergo,
811 2621 873 2675 et
911 2613 1157 2692 genibus
1197 2613 1424 2674 vicinus
1461 2630 1695 2674 arenae.

308 2697 417 2760 Ille
460 2707 682 2776 autem,
721 2696 918 2778 Alpini
955 2698 1137 2759 veluti
1175 2698 1381 2775 regina
1422 2715 1737 2776 cupressus

180 2783 471 2861 Verticis,
516 2791 797 2861 urgentes
835 2785 1150 2844 cervicem·
1173 2781 1409 2843 inclinat
1448 2783 1507 2844 in
1540 2781 1813 2861 Austros,
2067 2797 2174 2852 855

178 2867 298 2929 Vix
339 2884 475 2928 sese
512 2863 712 2929 radice
752 2875 992 2943 tenens,
1033 2876 1346 2945 ternaeque
1386 2868 1761 2948 propinquat,

179 2951 516 3016 Iamdudum
549 2951 845 3014 aetherias
886 2952 1094 3013 eadem
1136 2951 1393 3013 reditura
1434 2951 1543 3013 suh
1587 2969 1787 3025 auras3

178 3035 314 3099 Non
354 3054 531 3098 secus
568 3038 837 3115 ingentes
874 3046 1036 3098 artus
1069 3035 1417 3116 praecelsus
1457 3035 1747 3116 Agylleus

178 3120 410 3201 Sponte
447 3123 656 3201 premit
696 3138 1053 3201 parvumque
1096 3138 1342 3198 gemens
1382 3120 1759 3201 duplicatur
1741 3141 1800 3183 ιιι
1832 3121 2083 3201 hostem,

176 3204 258 3267 Et
299 3206 414 3267 iam
454 3206 674 3267 alterna
717 3224 928 3267 manus·
944 3207 1310 3284 frontemque
1337 3204 1733 3287 humerosque
1759 3207 2026 3289 lutusque
2066 3216 2174 3273 860

179 3287 470 3370 Collaque
512 3298 873 3371 pectoraque
916 3300 977 3352 et
1015 3291 1251 3352 vitantia
1284 3308 1454 3352 crura
1496 3291 1755 3354 lacessit.

174 3374 588 3454 Interdumque
629 3375 727 3437 diu
767 3376 1023 3478 pendent
1057 3393 1167 3455 per
1202 3379 1397 3438 mutua
1437 3376 1570 3438 fulti

176 3458 459 3541 Brachia,
503 3477 655 3523 nunc
696 3462 858 3523 saevi
898 3461 1208 3541 digitorum
1245 3461 1480 3524 vincula
1510 3461 1799 3539 frangunt.
