2517 3909
331 62 415 125 72
989 76 1056 124 P.
1104 75 1377 125 murm
1412 73 1651 124 sum

328 232 616 313 Fictaque
657 231 928 310 cognatis
965 231 1170 293 avibus
1205 229 1531 309 lulag-ria
1574 230 1829 291 Pleuron

331 318 408 379 Et
446 334 740 397 praeceps
783 314 1083 393 Calydon,
1120 325 1183 377 et
1223 334 1381 395 quae
1421 316 1567 376 lore
1604 324 1891 394 proruent
1932 315 2072 376 lde·

332 401 589 478 Olenos,
628 399 810 462 Ioniis
845 411 906 461 et
947 401 1220 462 fluctibus
1261 401 1497 480 hospita
1535 408 1709 479 portu
2230 413 2328 466 105

333 484 573 548 Chalcis
615 495 679 546 et
717 484 1012 547 Herculea
1049 494 1317 565 turpans
1348 484 1639 563 gymnade
1668 485 1865 545 vultus

330 571 564 639 Amnis:
607 570 798 632 adhuc
837 571 968 630 ὣς
1007 571 1111 629 vix
1147 580 1411 630 tra-ea-
1447 570 1721 630 attollere
1752 570 2006 630 frome-

330 657 528 716 Ausus
567 657 734 734 aquis
769 654 1103 735 ghucoque
1143 664 1323 734 caput
1358 655 1697 715 submersus
1734 654 1793 713 in
1824 661 1995 714 antro

331 740 594 814 liceret,
618 739 974 801 anhelantes
1013 750 1373 817 aegrescunt
1412 740 1659 819 pulvere
1698 739 1887 819 ripae.

457 823 734 898 Omnibus
779 834 1016 886 aeratae
1060 835 1447 904 propugnant,
1471 834 1719 904 pectora
1758 832 1955 884 crates
2225 836 2331 888 uo

331 909 574 988 Pilaque
615 928 798 971 saeva
832 927 1037 986 manu,
1079 911 1305 989 patrius
1336 918 1451 969 stat
1486 908 1719 970 casside
1759 907 2015 968 Evors.

330 993 598 1074 Undique
637 995 1054 1073 magnanimum
1096 993 1289 1073 pubes
1328 994 1563 1055 delecta
1605 1002 1889 1055 coronant

333 1078 632 1156 Oeniden,
672 1079 917 1140 hilarem
959 1078 1121 1140 bello
1165 1081 1439 1158 notisque
1480 1079 1759 1139 decorum

333 1163 716 1233 Vulneribus:
755 1181 875 1224 non
909 1164 1014 1224 ille
1063 1165 1232 1223 minis
1270 1164 1563 1240 Polynicis
1608 1173 1669 1225 et
1700 1167 1787 1224 ira

331 1247 614 1326 inferior,
653 1248 1005 1329 dubiumque
1043 1249 1232 1324 adeo,
1283 1250 1379 1308 cui
1418 1249 1579 1310 bella
1616 1257 1914 1326 gerantur.
2225 1257 2331 1312 115

454 1331 643 1393 Maior
685 1343 744 1394 at
781 1333 916 1394 inde
958 1334 1128 1392 novis
1167 1336 1210 1392 it
1250 1332 1507 1396 Doricus
1548 1334 1698 1393 ordo
1740 1332 1851 1393 sub
1884 1331 2079 1405 amis,

333 1414 445 1489 Qui
489 1418 679 1497 ripas,
725 1416 973 1494 Lyrcie‚
1013 1427 1176 1493 tuas,
1224 1428 1321 1479 tna
1363 1418 1537 1480 litora
1578 1418 1760 1478 multo

332 1501 590 1561 vomere
631 1503 1020 1581 suspendunt,
1059 1502 1365 1564 fluviorum
1407 1503 1621 1564 ductor
1655 1503 1966 1576 Achivum,

333 1584 578 1647 Inache:
624 1622 710 1633 —
747 1587 966 1647 Persea
1010 1606 1205 1666 neque
1245 1589 1401 1647 euim
1438 1589 1755 1649 violentior
1797 1590 1919 1647 exit

336 1670 534 1730 Amnis
563 1671 771 1748 humo,
809 1691 982 1751 quum
1013 1672 1262 1733 Taurum
1291 1683 1389 1733 aut
1414 1672 1644 1734 Pliadas
1679 1673 1869 1733 hausit
1901 1687 2155 1750 aquosas
2229 1679 2335 1734 120

337 1757 625 1834 Spumeus
670 1765 732 1817 et
766 1774 993 1834 genero
1033 1759 1235 1817 tumuit
1277 1756 1422 1818 Iove
1464 1790 1554 1807 -ο
1588 1775 1739 1838 quos
1777 1756 1942 1816 celer
1982 1755 2161 1815 ambit

332 1839 611 1900 Asterion
649 1840 1068 1921 Dryopumque
1111 1841 1349 1902 trahens
1386 1840 1667 1902 Erasinus
1708 1844 1937 1918 aristas,

331 1923 409 1985 Et
449 1926 546 2003 qui
586 1944 720 1987 rura
765 1926 997 1987 domant
1038 1925 1387 2005 Epidauria,
1426 1926 1636 1987 dexter
1675 1925 1891 1986 Iaccho

332 2006 554 2088 Collis,
594 2019 652 2072 at
693 2009 970 2071 Eunaeae
1012 2008 1222 2073 Cereri
1261 2020 1469 2090 negat:
1512 2014 1642 2072 avia
1680 2010 1869 2087 Dyme
1998 2049 2005 2055 -

332 2091 502 2155 Mittit
546 2111 694 2175 opes
736 2095 1067 2174 densasque
1109 2094 1290 2171 Pylos
1329 2096 1541 2157 Neleia
1580 2107 1818 2171 turmas,
2229 2105 2335 2160 125

329 2177 597 2239 Nondum
639 2188 776 2240 nota
817 2180 1032 2255 Pylos,
1079 2181 1424 2261 iuvenisque
1459 2190 1653 2242 aetate
1695 2179 1952 2240 secunda

330 2260 583 2341 Nestor,
629 2273 689 2324 et
719 2265 809 2324 irc
852 2273 1041 2324 tamen
1080 2267 1339 2343 peritura
1384 2266 1444 2325 in
1486 2276 1677 2327 castra
1712 2266 1968 2342 negavit.

456 2345 579 2409 Hos
622 2350 802 2426 agitat
841 2348 1241 2429 pulchraeque
1285 2350 1465 2411 docet
1499 2352 1726 2411 virtutis
1769 2367 2027 2412 amorem

331 2431 566 2493 Arduus
601 2432 1037 2513 Hippomedom
1078 2436 1254 2513 capiti
1304 2436 1497 2495 tremit
1533 2452 1713 2495 aerea
1753 2434 1959 2509 cassis,

336 2513 453 2576 Ter
500 2518 669 2578 nivea
713 2519 1030 2581 scandente
1070 2518 1237 2597 iuba,
1285 2521 1436 2581 latus
1487 2536 1657 2580 omne
1704 2519 1813 2579 sub
1856 2519 2031 2579 armis
2226 2527 2333 2583 130

330 2599 550 2662 Ferrea
593 2612 721 2663 suta
765 2613 990 2679 terunt,
1032 2603 1307 2665 humeros
1350 2623 1423 2666 ac
1466 2615 1711 2684 pectora
1754 2604 1875 2664 late

329 2683 657 2747 Flammeus
697 2687 856 2748 orbis
898 2687 1107 2764 habet,
1151 2689 1536 2769 perfectaque
1576 2690 1719 2749 vivit
1755 2690 1813 2748 in
1852 2703 1996 2748 auro

331 2768 467 2831 Nox
510 2771 720 2841 Danai;
766 2783 970 2833 sontes
1006 2772 1305 2834 Furiarum
1353 2774 1621 2855 lampade
1664 2774 1829 2851 nigra

334 2853 760 2937 Quinquaginta
804 2856 1010 2917 ardent
1046 2857 1308 2927 thalami;
1354 2869 1524 2938 pater
1564 2860 1695 2938 ipse
1732 2857 1990 2928 cruentis

332 2938 397 3000 In
442 2940 662 3000 foribus
708 2940 1020 3020 laudatque
1059 2941 1225 3004 nefas
1264 2952 1439 3022 atque
1480 2945 1721 3023 inspicit
1761 2959 1958 3003 enses.
2056 3013 2065 3026 ‚
2116 2961 2123 2974 ·
2222 2951 2326 3007 135

460 3024 629 3086 Illum
670 3023 926 3085 Palladia
970 3028 1209 3106 sonipes
1250 3026 1582 3089 Nemeaeus
1625 3026 1699 3088 ab
1744 3045 1885 3088 arce

331 3109 586 3170 Devehit
630 3125 786 3169 arma
828 3126 1084 3188 pavens,
1131 3112 1447 3193 umbraque
1493 3114 1718 3173 inmane
1752 3111 1971 3172 volanti

330 3193 524 3273 Inplet
570 3210 746 3272 agros
786 3193 1083 3274 longoque
1129 3195 1341 3257 attollit
1382 3196 1631 3277 pulvere
1681 3214 1963 3275 campum.

332 3276 463 3337 Non
501 3276 674 3337 aliter
715 3276 894 3339 silvas
938 3278 1190 3339 humeris
1234 3290 1295 3341 et
1336 3290 1586 3361 utroque
1623 3282 1955 3359 refringens
2040 3281 2047 3288 '

332 3361 582 3423 Pectore
618 3370 888 3424 montano
928 3362 1146 3444 duplex
1187 3364 1411 3442 Hyleus
1452 3365 1525 3426 ab
1563 3374 1728 3427 antro
2226 3375 2331 3428 140
