2517 3909
193 160 277 229 58
938 163 1000 216 P.
1036 162 1316 216 PAPINII
1356 161 1597 216 STATII

191 310 354 396 Igne
403 310 589 395 oculi⁷
635 309 845 393 qualis
892 307 1058 371 liber
1100 307 1233 371 iam
1279 306 1527 371 casside
1574 306 1751 371 uisus

191 399 721 483 Parthenopaeus
768 399 933 481 erat3
978 396 1380 479 simplexque
1424 395 1692 460 horrore
1740 394 1972 460 decoro

194 487 428 573 CriniS,
475 491 541 552 et
586 488 887 552 obsessae
932 484 1222 550 nondum
1267 483 1602 568 primoque
1648 483 1962 550 micantes

190 576 381 643 Flore
428 597 660 662 genae.
705 577 904 639 talem
939 573 1193 639 Ledaeo
1239 574 1498 659 gurgite
1543 572 1780 675 pubem
2259 587 2329 637 45

191 665 449 731 Educat
491 665 791 767 EurotaS,
836 663 1045 728 teneri
1090 663 1181 727 sic
1228 663 1482 747 integer
1528 662 1671 726 aeui

192 755 349 820 Elin
396 754 534 820 adit
576 754 947 837 primosque
991 752 1136 817 Ioui
1178 773 1340 835 puer
1387 751 1706 835 approbat
1751 772 1971 820 annos.

193 843 366 910 Nam
411 844 619 928 pudor
662 844 978 907 innocuae
1024 841 1260 905 mentis
1306 841 1787 926 tranquillaque
1833 861 2086 905 morum

193 932 564 1018 Temperies
608 936 956 1016 teneroque
1005 930 1259 994 animus
1305 930 1624 994 maturior
1667 949 1828 994 aeuo
1838 980 1855 1013 ‚

194 1020 492 1087 Carmine
539 1043 667 1106 quo
713 1024 873 1086 nota
918 1040 1056 1084 esse
1103 1019 1391 1103 queant?
1450 1040 1642 1102 saepe
1685 1019 1796 1083 ille
1843 1019 2166 1083 dolentem
2260 1031 2329 1083 50

194 1110 574 1196 Castigabat
618 1131 797 1174 erum
845 1108 1188 1192 studioque
1235 1107 1513 1191 altisque
1557 1108 1829 1172 iuuabat
2101 1129 2105 1133 *

195 1197 528 1279 Consiliis3
576 1203 791 1265 tecum
838 1198 1171 1280 tristisque
1217 1196 1570 1280 hilarisque
1614 1218 1733 1261 nec
1778 1217 2085 1279 umquam

192 1286 309 1353 Ille
359 1311 512 1353 suus
557 1289 935 1371 uultumque
980 1289 1094 1351 tuo
1143 1285 1441 1350 sumebat
1485 1286 1567 1349 ab
1615 1307 1742 1351 ore.

191 1376 446 1462 Dignus
494 1380 560 1441 et
604 1376 1038 1441 Haemonium
1083 1380 1140 1439 et
1182 1374 1469 1458 Pyladen
1513 1375 1893 1459 praecedere
1939 1374 2116 1439 fama

196 1463 703 1550 Cecropiamque
747 1465 957 1529 fidem.
1049 1464 1162 1528 sed
1205 1464 1471 1528 laudum
1514 1465 1831 1529 terminus
1877 1466 2034 1547 esto,
2264 1478 2330 1527 55

194 1553 400 1629 Quem
443 1555 708 1620 fortuna
754 1553 936 1618 sinit:
981 1575 1116 1619 non
1161 1556 1376 1616 mente
1421 1554 1676 1619 fidelior
1722 1572 1918 1638 aegra

195 1640 496 1726 Sperauit
539 1644 711 1708 tardi
754 1643 996 1707 reditus
1043 1642 1371 1706 Eumaeus
1417 1641 1644 1707 Ulixis,

195 1731 353 1807 Quis
401 1733 555 1797 deus
604 1735 718 1797 aut
762 1732 1062 1816 quisnam
1107 1735 1245 1795 tam
1290 1732 1505 1796 tristia
1550 1733 1818 1796 uulnera
1863 1751 2050 1794 casus

195 1819 446 1906 Eligit?
493 1821 663 1886 unde
708 1842 941 1885 manus
987 1820 1142 1885 fatis
1188 1822 1326 1885 tam
1374 1825 1549 1885 certa
1584 1819 1901 1886 nocendi?

195 1908 249 1974 Ο
299 1931 492 1994 quam
540 1911 783 1975 diuitiis
822 1930 1144 1993 censuque
1192 1912 1420 1975 exutus
1468 1911 1684 1994 opimo
2265 1922 2333 1970 60

194 1996 469 2084 Fortior,
515 1998 701 2083 Urse‚
743 2000 949 2064 fores!
999 2000 1055 2063 si
1099 1998 1204 2062 uel
1247 2000 1542 2063 fumante
1590 1998 1778 2063 ruina

192 2085 596 2172 Raptassent
641 2088 808 2153 dites
855 2087 1145 2153 Uesuina
1189 2088 1488 2152 incendia
1531 2086 1769 2153 Locros

194 2173 322 2241 Seu
368 2176 771 2243 Pollentinos
816 2178 1195 2241 mersissent
1237 2177 1508 2241 flumina
1554 2177 1757 2241 saltus

196 2263 322 2330 Seu
368 2263 667 2331 Lucanus
713 2264 870 2330 Acir
915 2286 1028 2329 seu
1075 2265 1422 2350 Thybridis
1468 2266 1749 2348 impetus
1797 2265 1961 2328 altas

192 2352 271 2417 In
319 2354 615 2419 dextrum
658 2354 958 2419 torsisset
1003 2375 1221 2438 aquas,
1267 2359 1558 2438 paterere
1606 2375 1835 2419 serena
2266 2365 2333 2416 65

192 2440 436 2508 Fronte
482 2444 663 2527 deos;
721 2443 859 2507 siue
906 2444 1078 2507 alma
1121 2443 1315 2508 fidem
1359 2445 1714 2528 messisque
1757 2444 2064 2525 negasset

194 2529 512 2617 Cretaque
555 2530 935 2616 Cyreneque
983 2525 1051 2595 et
1096 2554 1225 2616 qua
1270 2532 1393 2598 tibi
1439 2553 1710 2616 cumque
1755 2531 1952 2596 beato

193 2617 409 2704 Larga
452 2620 621 2685 redit
664 2621 927 2685 fortuna
974 2621 1137 2685 sinu·
1226 2623 1340 2686 sed
1386 2643 1590 2707 gnara
1636 2621 1930 2686 dolorum

193 2707 451 2774 Inuidia
495 2709 722 2774 infelix
769 2710 969 2775 animi
1012 2710 1243 2775 uitalia
1287 2711 1453 2775 uidit

333 3014 402 3063 42
450 3009 595 3065 liber
638 3011 864 3079 scripsi:
909 3010 1074 3065 bellis
1111 3017 1146 3062 c
1183 3029 1217 3063 a
1257 3012 1265 3062 1
1307 3010 1461 3065 uisus
1499 3015 1561 3064 ς·
1598 3008 1725 3063 uisu
1762 3016 1797 3062 c
1834 3027 1868 3061 a
1903 3007 2078 3062 missa
2112 3009 2276 3064 Dom.
2314 3009 2334 3080 Η

193 3085 262 3133 43
300 3096 484 3135 errore
531 3085 567 3135 ς
615 3080 954 3137 Schraderus
996 3083 1016 3151 ΙΙ
1057 3088 1127 3137 48
1171 3082 1446 3137 innocuae
1489 3080 1715 3148 scripsi:
1764 3079 1914 3134 unde
1958 3082 2127 3135 notae
2174 3079 2263 3133 Δ*
2300 3087 2335 3133 c

191 3149 469 3219 ingenuae
506 3152 776 3208 Heinsius
800 3156 820 3223 ΙΙ
849 3159 918 3208 50
955 3156 1091 3208 nota
1136 3168 1254 3208 esse
1304 3153 1515 3221 queant
1562 3150 1802 3205 Marklae
1854 3152 2081 3219 potasse
2128 3167 2336 3221 queam

195 3226 242 3273 Δ
261 3226 296 3272 c
333 3221 569 3278 donasse
606 3241 809 3294 queam
835 3225 998 3279 Dom.
1037 3224 1259 3281 dotasse
1296 3223 1566 3277 Heinsius
1597 3226 1605 3288 1
1646 3221 1929 3277 dolentem
1967 3222 2337 3293 Maduiyius:

191 3291 477 3348 uolentem
514 3301 549 3347 c
586 3313 620 3348 a
644 3297 664 3366 ΙΙ
692 3301 761 3351 54
790 3299 848 3352 et
884 3296 1108 3351 addidi.-
1143 3311 1245 3349 om.
1285 3300 1320 3346 G
1350 3313 1384 3347 a
1418 3293 1660 3348 Aonium
1687 3292 1940 3362 Pyladen
1972 3292 2184 3350 Markl.
2214 3296 2236 3363 ΙΙ
2265 3300 2333 3350 58

193 3379 355 3419 casus
389 3365 582 3421 Dum..-
626 3383 822 3423 causas
859 3367 945 3421 Δ*
983 3368 1159 3437 ῦ1162
1197 3366 1534 3420 Ructassent
1567 3369 1614 3416 Δ
1650 3370 1702 3434 c,
1758 3379 1897 3419 corr.
1940 3364 2282 3437 Madwiyius
2316 3364 2336 3437 ΙΙ

195 3440 263 3490 64
298 3435 431 3491 Acir
464 3438 633 3494 idem.-
669 3453 807 3510 ager
843 3445 878 3491 c
915 3456 949 3490 a
