2517 3909
743 165 1144 217 miz-:mmos
1190 167 1332 218 mn.
1376 169 1527 224 v‚111.
2019 158 2137 221 179

133 320 337 401 Ipsum
382 318 780 384 exhortantem
825 340 1044 383 cuneos
1089 322 1414 403 capitisque
1459 325 1698 404 superbi

133 405 434 484 Insignem
474 405 710 486 fulgore
745 407 929 476 viden
970 426 1083 470 nec
1126 410 1364 486 segnius
1409 409 1619 471 ardens
2031 422 2136 478 675

134 489 444 569 Accurrit,
482 492 656 553 niveo
697 510 866 571 quam
907 492 1225 570 flammiger
1269 493 1393 554 ales
1435 494 1587 556 olori

132 574 385 638 Inminet
421 584 479 636 et
522 594 727 655 magna
761 578 1053 656 trepidum
1100 578 1463 656 circumligat
1502 579 1721 641 umbra.

268 658 430 720 Tunc
471 663 662 741 prior:
709 660 961 723 ‘Aoniae
1002 681 1112 723 rex
1152 679 1188 722 o
1232 663 1542 724 iustissime
1582 665 1800 744 gentis,

130 744 292 805 Imus
336 745 394 804 in
434 764 589 807 arma
625 747 816 827 palam
844 747 1191 827 tandemque
1231 748 1589 809 ostendimus
1633 767 1833 824 enses,

130 829 230 889 An
275 839 508 890 noctem
545 841 607 891 ⁴et
647 831 850 893 solitas
889 832 1088 911 placet
1125 842 1445 912 expectare
1488 831 1840 894 tenebras‘I'
2033 845 2138 900 680

263 912 379 976 Ille
418 915 557 975 nihil
595 925 828 993 contra,
871 917 979 976 sed
1021 916 1264 979 stridula
1300 934 1514 979 cornus
1552 920 1612 979 in
1653 918 1884 980 hostem

130 997 184 1060 It
226 998 499 1060 referens
534 1001 798 1062 mandata
840 1001 1040 1078 ducis,
1077 1020 1247 1081 quam
1293 1002 1573 1080 providus
1614 1002 1791 1064 heros

129 1082 369 1144 Iamiam
411 1086 470 1144 in
512 1085 627 1146 line
668 1087 800 1146 viae
842 1087 1184 1165 percussam
1226 1086 1520 1166 obliquat,
1564 1098 1622 1147 et
1663 1090 1793 1166 ipse

132 1167 344 1228 Telum
386 1171 593 1247 ingens
637 1171 804 1232 avide
849 1180 909 1230 et
953 1180 1168 1251 quanto
1211 1188 1330 1231 non
1373 1181 1504 1232 ante
1551 1172 1775 1234 lacerto

130 1252 381 1332 Inpulit;
425 1252 545 1315 ibat
588 1264 757 1316 atrox
795 1256 968 1316 finem
1012 1256 1275 1335 positura
1320 1255 1518 1317 duello
2030 1267 2134 1324 685

130 1337 386 1399 Lancea.
474 1337 835 1401 Convertere
878 1340 1086 1401 oculos
1127 1343 1413 1420 utrimque
1452 1341 1720 1402 faventes

131 1422 359 1484 Sidonii
408 1422 678 1504 Graiique
721 1425 844 1493 dei;
891 1424 1144 1486 crudelis
1184 1425 1395 1502 Erinys

133 1505 345 1568 Obstat
385 1515 444 1567 et
481 1508 714 1569 infando
759 1509 952 1570 differt
994 1508 1280 1570 Eteoclea
1323 1510 1510 1571 fratri.

135 1590 353 1671 Cuspis
393 1593 448 1651 in
492 1594 837 1670 armigerum
880 1593 1198 1671 Phlegyum
1234 1595 1544 1673 peccavit,
1586 1595 1684 1655 ubi
1724 1596 1932 1675 iugens

130 1675 333 1754 Pugna
375 1678 589 1747 virum;
633 1679 836 1738 stricto
878 1695 1008 1738 uam
1049 1679 1286 1739 saevior
1324 1680 1494 1739 inruit
1539 1696 1683 1739 ense
2027 1691 2133 1748 690

129 1761 417 1838 Aetolus,
461 1771 741 1842 retroque
779 1762 972 1823 datum
1015 1762 1291 1824 Thebana
1328 1761 1607 1840 tegebant

127 1844 308 1906 Arma
345 1847 570 1908 ducem.
652 1848 751 1908 Sic
794 1846 973 1908 densa
1016 1848 1213 1926 lupum
1252 1849 1365 1910 iam
1406 1855 1582 1920 nocte
1626 1845 1733 1906 sub
1778 1855 1904 1908 atra

134 1930 321 1992 Arcet
355 1930 426 1991 ab
471 1947 762 2011 apprenso
813 1941 1107 2011 pastorum
1151 1932 1319 1993 turba
1359 1933 1636 2000 iuvenem

129 2014 423 2095 Inprobus
463 2019 704 2093 erigitur
748 2026 984 2093 contra,
1025 2036 1138 2078 nec
1183 2035 1321 2080 cura
1364 2024 1630 2077 vetantes
1876 2077 1884 2084 „

129 2100 432 2179 Inpetere,
476 2100 656 2178 illum,
701 2101 897 2178 illum,
936 2101 1123 2162 semel
1164 2103 1223 2164 in
1267 2120 1440 2180 quem
1476 2110 1753 2178 venerat,
1792 2113 1981 2180 urget.
2022 2113 2128 2168 695

254 2184 394 2245 Non
435 2203 607 2246 secus
635 2186 905 2247 obiectas
939 2187 1102 2247 acies
1142 2186 1482 2266 turbamque
1521 2187 1802 2248 minorem

129 2270 470 2332 Dissimulat
515 2273 836 2350 transitque
876 2289 1073 2339 manin
1120 2280 1312 2334 tamen
1357 2290 1469 2336 ora,
1500 2270 1775 2332 Thoantis

129 2355 382 2417 Pectora
426 2353 733 2432 Deilochi,
779 2354 971 2416 Clonii
1007 2356 1191 2433 latus,
1227 2356 1337 2417 ilia
1380 2357 1533 2417 torvi

129 2439 400 2500 Perforat
428 2438 828 2519 Hippotadae3
871 2441 1090 2501 truncis
1124 2458 1230 2500 sua
1272 2439 1530 2502 membra
1573 2439 1808 2502 remittit

127 2522 419 2584 Interdum
463 2525 783 2605 galeasque
825 2534 982 2588 rotat
1022 2541 1131 2603 per
1165 2524 1362 2585 nubila
1408 2524 1634 2602 plenas.
2024 2535 2128 2594 700

127 2608 203 2668 Et
238 2610 351 2668 iam
393 2609 741 2688 corporibus
783 2628 922 2670 sese
957 2608 1285 2689 spoliisque
1327 2609 1632 2670 cadentum

131 2691 468 2762 Clauseratz
509 2705 680 2754 unum
714 2695 874 2756 acies
913 2695 1129 2756 circum
1174 2695 1556 2770 consumitur,
1603 2710 1776 2756 unum

132 2775 331 2838 Omnia
374 2776 493 2839 tela
534 2787 773 2847 vovent;
817 2779 1051 2839 smmis
1091 2778 1246 2842 haec
1285 2779 1519 2838 ossibus
1557 2777 1820 2855 haerent,

127 2860 269 2923 Pars
313 2862 587 2924 frustrata
630 2863 871 2940 cadunt,
918 2871 1142 2942 purtem
1190 2862 1447 2924 Tritonia
1489 2863 1675 2940 vellit,

129 2944 307 3007 Multa
352 2948 559 3025 rigent.
591 2948 808 3027 clipeo.
892 2946 1107 3010 Densis
1145 2948 1257 3008 iam
1304 2949 1559 3010 consitus
1607 2948 1788 3010 hastis
2017 2959 2118 3018 705

129 3029 429 3092 Ferratum
475 3035 654 3111 quatit
695 3031 871 3093 umbo
915 3049 1154 3107 nemus,
1198 3042 1489 3110 tergoque
1532 3033 1749 3094 fatiscit

128 3115 323 3194 Atque
364 3115 616 3178 humeris
657 3117 891 3196 gentilis
933 3134 1108 3195 aper;
1153 3134 1433 3196 nusquam
1474 3118 1652 3178 ardua
1692 3121 1824 3180 coni

130 3199 364 3275 Gloria,
411 3203 624 3282 quique
664 3204 891 3284 apicem
929 3212 1132 3262 torvae
1174 3199 1454 3263 Gradivus
1498 3201 1752 3263 habehat

131 3281 418 3362 Cassidis,
466 3286 615 3347 haud
657 3287 872 3348 laetum
913 3287 1143 3348 domino
1185 3286 1299 3347 ruit
1332 3304 1523 3348 omen.
1602 3285 1797 3350 Inusta

132 3366 514 3449 Temporibus
554 3371 716 3433 nuda.
746 3390 885 3433 aera
928 3370 1166 3448 sedent,
1210 3374 1545 3452 circumque
1586 3375 1787 3436 sonori
2014 3383 2118 3440 710

128 3449 364 3515 vertice
409 3474 695 3535 percusso
735 3455 1042 3518 volvuntur
1086 3457 1143 3517 in
1183 3475 1342 3520 arma
1375 3456 1784 3600 molucrum*
