2517 3909
312 124 430 183 174
966 131 1031 178 P.
1079 130 1350 179 PAPINII
1393 130 1623 179 sermm

306 290 553 368 Agmina
573 332 591 364 ‚
636 305 787 348 nunc
831 297 1093 348 moestae
1134 286 1380 347 fundens
1414 286 1716 348 Pleuronis
1759 284 2045 361 alumn05‚

307 375 514 436 Donec
556 374 614 433 in
650 372 916 433 Olenium
950 373 1110 433 fessa
1153 374 1267 432 iam
1312 372 1553 450 cuspide
1599 370 1784 431 Buten
2200 377 2301 433 485

306 459 531 520 Incidit.
607 458 770 517 Hunc
816 459 1014 518 turmis
1052 456 1366 517 obversum
1403 465 1463 516 et
1505 455 1667 516 abire
1711 465 2006 516 vetantem

308 543 691 621 Aggreditur3
737 560 883 621 puer
925 542 1060 619 ille,
1100 560 1250 621 puer
1286 541 1584 620 malasque
1633 558 1971 620 comamque

307 629 576 705 Integer,
620 628 821 704 ignaro
864 627 954 687 cui
995 636 1129 686 tunc
1166 625 1442 685 Thebana
1485 626 1752 704 bipennis

307 713 373 774 In
416 712 644 790 galeam
679 712 888 772 librata
924 713 1112 780 venit;
1157 710 1445 771 finduntur
1486 712 1771 789 utrimque

310 797 633 876 Tempora,
677 796 1005 875 dividuique
1053 796 1265 855 cadunt
1301 795 1360 854 iu
1402 794 1638 855 brachia
1683 795 1896 870 crines,
2208 800 2310 855 490

307 882 385 943 Et
416 899 530 940 non
572 881 687 940 hoc
725 889 987 940 metuens
1031 881 1268 957 inopino
1305 880 1483 939 limite
1525 881 1644 939 vita

309 966 547 1027 Exiluit.
641 965 803 1025 Tunc
845 964 1050 1024 flavum
1094 964 1360 1043 Hypanin
1398 963 1721 1042 flavumque
1766 963 1996 1025 Politen
2031 997 2119 1009 -—-

309 1050 417 1111 Ille
463 1068 645 1128 genas
689 1048 964 1125 Phoebo,
1012 1050 1229 1109 crinem
1274 1048 1370 1107 hic
1411 1049 1694 1126 pascebat
1736 1048 1972 1123 Iacch0‚

312 1139 537 1197 Saevus
583 1144 827 1212 uterque
872 1134 1015 1194 deus
1058 1167 1144 1180 ——-
1186 1133 1358 1192 victis
1400 1132 1785 1212 Hyperenora
1826 1134 2010 1210 iungit

312 1218 791 1298 Conversumque
825 1218 963 1295 fug-a
1004 1218 1346 1286 Damasum3
1394 1218 1502 1277 sed
1543 1218 1708 1297 lapsa
1749 1235 1857 1296 per
1896 1236 2090 1277 armos
2211 1227 2308 1281 495

310 1305 490 1365 Hasta
533 1305 641 1363 viri
679 1314 841 1363 trans
881 1309 1090 1381 pectus
1135 1300 1251 1361 abit
1295 1319 1668 1381 pannumque
1712 1304 1930 1362 tenenti

310 1389 549 1449 Excutit
592 1397 649 1448 et
688 1405 902 1446 summa
938 1387 1167 1463 fugiens
1210 1388 1268 1446 in
1310 1387 1553 1465 cuspide
1602 1395 1814 1464 portat.

451 1475 753 1533 Sterneret
796 1471 1077 1532 adversos
1123 1473 1430 1531 etiamnum
1475 1472 1755 1530 Ismenius
1794 1470 2052 1530 Haemon

312 1558 615 1619 Inachidas
658 1592 743 1600 -—
776 1575 906 1616 nam
942 1556 1062 1616 tela
1103 1557 1257 1632 regit
1290 1557 1568 1634 viresque
1604 1557 1884 1616 ministrat

312 1640 866 1720 Amphitryoniades
901 1675 1017 1717 -—‚
1065 1658 1304 1700 saevum
1348 1640 1454 1701 sed
1498 1640 1698 1716 Tydea
1745 1649 1946 1700 contra
2206 1649 2307 1701 500

314 1726 510 1788 Pallas
554 1728 701 1804 agit3
745 1726 973 1804 iamque
1013 1726 1268 1785 adverso
1306 1743 1524 1784 venere
1565 1725 1770 1785 favore

316 1810 619 1888 Cominus,
663 1819 720 1870 et
764 1810 997 1889 placido
1039 1811 1202 1889 prior
1241 1810 1392 1869 haec
1428 1809 1766 1885 Tirynthius
1813 1825 1947 1868 ore:

445 1896 622 1956 <Fida
666 1912 869 1971 soror,
909 1900 1188 1972 quaenam
1231 1895 1381 1954 hune
1427 1894 1570 1954 belli
1613 1893 1862 1971 caligine
1905 1890 2078 1952 nobis

314 1979 710 2059 Congressum
752 1980 980 2039 fortuna
1023 1975 1192 2039 tulit?
1236 1997 1368 2038 num
1407 1981 1574 2056 regia
1616 1979 1756 2038 Iuno

312 2066 442 2126 Hoc
482 2066 679 2125 molita
723 2061 931 2124 nefas?
972 2064 1138 2123 citius
1179 2081 1275 2123 me
1315 2063 1550 2123 fulmina
1587 2072 1811 2139 contra,
2211 2072 2308 2126 505

314 2151 644 2227 Infandum,
689 2167 861 2209 ruere
911 2157 969 2208 et
1010 2165 1222 2225 magno
1267 2147 1493 2208 bellare
1540 2149 1765 2226 parenti

269 2253 274 2257 ·
314 2236 640 2314 Adspiciat.
725 2233 919 2293 Genus
957 2233 1120 2301 huic;
1168 2232 1276 2293 sed
1311 2234 1473 2293 mitto
1518 2250 1879 2310 agnoscere,
1929 2234 2160 2311 quando

315 2321 401 2380 Tu
446 2320 676 2379 diversa
711 2318 913 2394 foves,
952 2321 1065 2377 n'ec
1107 2318 1155 2376 si
1197 2318 1385 2395 ipsum
1431 2321 1689 2378 cominus
1734 2317 1966 2393 Hyllum

317 2404 553 2479 Tydeos
596 2403 758 2463 hasta
800 2404 882 2463 tui
920 2402 1244 2480 Stygioque
1290 2420 1366 2461 ex
1408 2402 1554 2461 orbe
1594 2403 1898 2464 remissum

315 2488 732 2567 Amphitryona
778 2496 967 2567 petat;
1011 2496 1188 2547 teneo
1234 2495 1648 2565 aeternumque
1685 2486 1903 2547 tenebo
2208 2498 2312 2551 510

316 2573 601 2647 Quantum
642 2573 789 2632 haec
829 2573 961 2633 diva
1003 2579 1238 2647 manus,
1286 2573 1552 2650 quotiens
1596 2572 1890 2642 sudaverit
1927 2572 2095 2649 aegis

312 2657 433 2718 Ista
475 2656 645 2733 mihi,
701 2658 854 2717 duris
894 2656 1138 2717 famulus
1184 2674 1356 2734 quum
1396 2655 1631 2717 casibus
1674 2673 1874 2716 omnes

313 2742 520 2804 Lustro
563 2760 746 2818 vagus
789 2751 1010 2806 terras:
1055 2743 1184 2820 ipsa
1223 2741 1366 2801 heu!
1414 2759 1611 2801 comes
1656 2742 1808 2801 invia
1851 2760 2078 2801 mecum

317 2827 590 2902 Tartara,
635 2829 691 2886 ni
736 2843 984 2905 superos
1024 2825 1305 2885 Acheron
1349 2826 1723 2902 excluderet,
1757 2828 1932 2885 isses,

317 2911 403 2972 Tu
442 2920 664 2990 patrem
706 2911 1053 2988 coelumque
1095 2910 1264 2986 mihi,
1310 2944 1393 2955 -
1437 2912 1565 2989 quis
1616 2920 1772 2971 tanta
1815 2910 2004 2971 relatu
2212 2921 2308 2974 515

314 2993 592 3075 Aequet‘?
633 2994 784 3055 habe
819 3004 1007 3069 totas,
1047 2996 1095 3053 si
1135 3013 1296 3054 meus
1341 2995 1680 3072 excindere,
1728 2995 1980 3055 Thebas,

319 3079 481 3141 Cedo
529 3080 798 3158 equidem
837 3080 1179 3158 veniamque
1220 3080 1476 3158 precor.'
1557 3082 1658 3141 Sic
1698 3098 1868 3140 orsus
1906 3078 2126 3140 abibat.

314 3165 552 3226 Pallada
594 3164 811 3223 mulcet
852 3163 1071 3241 horma,
1116 3164 1289 3225 rediit
1328 3165 1536 3225 ardore
1572 3166 1821 3225 remisso
2107 3187 2113 3194 ·

314 3249 557 3325 Vultus,
605 3257 664 3308 et
706 3250 892 3309 erecti
926 3249 1201 3309 sederunt
1235 3252 1493 3328 pectoris
1531 3268 1772 3327 angues,

437 3334 623 3392 Sentit
669 3331 863 3393 abisse
908 3332 1095 3393 deum.
1178 3331 1743 3395 Levius·Cadmeius
1781 3333 2040 3395 Haemon
2214 3342 2312 3396 520

321 3416 464 3476 Tela
497 3426 650 3478 rotat
690 3417 969 3498 'nulloque
1014 3436 1237 3478 manum
1276 3420 1582 3495 cognoscit
1626 3421 1683 3479 in
1728 3420 1863 3480 ictu.
