2517 3909
219 130 302 195 16
960 132 1021 185 Ρ.
1058 130 1336 185 PAPINII
1372 129 1614 185 STATII

212 273 432 360 Digna
478 276 632 339 deae
680 275 863 339 sedes
907 275 1152 355 uiridiS,
1195 296 1317 344 nec
1363 275 1582 340 sordet
1615 276 1698 340 ab
1745 275 1956 340 astris.

96 433 105 440 ,
217 363 342 428 Hic
387 362 668 448 Libycus
714 362 1163 449 Phrygiusque
1210 364 1389 442 silex,
1433 364 1540 428 hic
1583 364 1744 429 dura
1786 363 2116 430 Laconum

217 451 388 517 Saxa
432 453 672 536 uirent3
719 452 825 517 hic
869 452 1070 517 flexus
1119 473 1293 536 onyx
1338 456 1404 516 et
1449 454 1749 518 concolor
1785 454 1919 518 alto

215 539 402 606 Uena
446 542 611 605 mari
655 562 974 625 rupesque
1018 542 1251 626 nitent,
1311 542 1456 626 quis
1499 561 1788 626 purpura
1833 563 2025 627 saepe
2244 560 2351 610 150

217 625 476 695 Oebalis
524 634 589 694 et
635 629 820 713 Tyrii
865 630 1234 696 moderator
1278 631 1439 695 liuct
1483 632 1645 698 aeni.

214 718 507 783 Pendent
550 719 908 783 innumeris
952 717 1220 804 fastigia
1262 719 1417 784 nixa
1463 720 1805 804 columnis3

216 806 482 873 Robora
525 807 893 872 Dalmatico
938 809 1157 873 lucent
1203 809 1439 872 satiata
1482 809 1760 873 metall0.

215 895 589 961 Excludunt
631 897 847 962 radios
895 896 1076 961 siluis
1122 897 1401 961 demissa
1443 898 1716 962 uetustis

216 983 508 1071 Frigora,
553 986 876 1069 perspicui
920 986 1155 1049 uiuunt
1198 987 1269 1049 in
1315 1007 1635 1053 marmore
1678 986 1910 1051 fontes
2244 1003 2352 1053 155

216 1071 354 1138 Nec
402 1078 621 1139 seruat
665 1077 903 1138 nat-ura
948 1075 1151 1139 uices:
1197 1075 1303 1139 hic
1351 1073 1553 1139 Sirius
1602 1075 1793 1160 alget,

218 1159 461 1226 Bruma
504 1166 710 1247 tepet,
756 1184 1144 1247 uersumque
1190 1163 1419 1228 domus
1467 1163 1591 1227 sibi
1634 1167 1953 1249 temperat
1995 1186 2260 1236 annum.

217 1250 487 1316 Exultat
530 1253 677 1315 uisu
721 1252 1035 1335 tectisque
1080 1253 1366 1335 potentis
1413 1254 1709 1317 alumnae

217 1338 372 1404 Non
419 1360 602 1405 secus
649 1341 821 1404 alma
837 1338 1058 1405 Uenus
1106 1362 1301 1425 quam
1348 1342 1404 1405 si
1447 1338 1719 1424 Paphon
1765 1361 2040 1425 aequore
2087 1342 2169 1406 ab
2217 1343 2351 1407 alto

216 1427 584 1512 Idaliasque
630 1428 857 1494 domos
903 1428 1313 1513 Erycinaque
1348 1432 1591 1516 templa
1638 1431 1898 1495 subiret.
2248 1447 2353 1497 160

221 1516 405 1581 Tunc
451 1518 661 1601 ipsam
709 1517 850 1582 solo
897 1518 1202 1582 reclinem
1248 1519 1470 1583 adfata
1514 1519 1736 1583 cubili:

221 1604 550 1681 ‘Quonam
595 1606 702 1669 hic
747 1629 949 1691 usque
994 1628 1192 1690 sopor
1228 1608 1543 1692 uacuique
1588 1607 1906 1673 modestia
1949 1608 2118 1692 lecti,

221 1693 275 1759 Ο
321 1694 483 1758 mihi
527 1693 880 1760 Laurentes
926 1696 1095 1760 inter
1141 1696 1378 1761 dilecta
1420 1697 1712 1780 puellas?

223 1782 380 1858 Quis
428 1805 680 1847 morum
724 1784 996 1869 fideique
1045 1785 1319 1849 modus?
1365 1807 1799 1869 numquamne
1844 1786 2019 1850 uirili

223 1870 636 1936 Summittere
681 1873 881 1958 iugo?
928 1874 1144 1938 ueniet
1186 1874 1317 1939 iam
1362 1875 1615 1939 tristior
1659 1877 1856 1939 aetas.
2250 1888 2354 1939 165

219 1959 465 2025 Exerce
510 1960 788 2026 formam
841 1966 907 2027 et
950 1963 1353 2047 fugientibus
1398 1967 1578 2026 utere
1625 1963 1827 2027 donis,

218 2047 373 2113 Non
416 2049 560 2115 idco
605 2051 728 2114 tibi
773 2052 904 2115 tale
951 2052 1142 2115 decus
1187 2051 1537 2135 uultusque
1583 2052 1898 2135 superbos

220 2136 454 2221 Meque
502 2139 667 2222 dedi,
712 2139 941 2203 uiduos
986 2142 1063 2203 ut
1103 2139 1551 2204 transmittare
1597 2162 1712 2224 per
1758 2162 1964 2206 annos

223 2224 358 2290 Ceu
402 2248 540 2290 non
585 2248 737 2291 cara
781 2227 960 2293 mihi.
1052 2227 1212 2292 satis
1260 2250 1299 2293 o
1346 2229 1743 2314 nimiumque
1788 2230 2037 2313 priores

220 2313 606 2399 Despexisse
651 2338 901 2399 procos.
993 2320 1063 2380 at
1105 2317 1281 2380 enim
1324 2317 1429 2382 hic
1473 2317 1594 2381 tibi
1642 2319 1957 2403 sanguine
2000 2322 2141 2384 toto
2252 2335 2356 2385 170

221 2401 494 2468 Deditus
541 2426 739 2469 unam
786 2426 1010 2469 omnes
1056 2406 1225 2469 inter
1270 2406 1540 2470 miratur
1585 2411 1902 2492 amatque,

221 2488 361 2556 Nec
404 2493 655 2557 formae
699 2514 817 2558 nec
866 2494 1085 2577 stirpis
1133 2514 1359 2578 egens:
1407 2516 1560 2558 nam
1606 2496 1799 2560 docta
1842 2517 1958 2578 per
1991 2496 2230 2572 *urbem

227 2577 533 2645 Carmina
579 2581 691 2664 qui
734 2582 1018 2665 iuuenes,
1065 2603 1229 2667 quae
1276 2604 1411 2647 non
1446 2582 1719 2648 didicere
1765 2584 2063 2667 puellae?

222 2668 416 2734 Hunc
463 2673 530 2732 et
573 2670 674 2734 bis
722 2692 914 2736 senos
961 2668 1082 2757 (sic
1126 2670 1533 2756 indulgentia
1575 2677 1808 2758 pergat

225 2756 546 2822 Praesidis
593 2757 897 2846 Ausonii)
945 2781 1164 2825 cernes
1211 2760 1507 2824 attollere
1553 2762 1759 2825 fasces
2253 2776 2356 2828 175

222 2847 398 2911 Ante
445 2847 639 2932 diem3
688 2851 860 2912 certe
906 2849 1038 2913 iam
1082 2869 1257 2912 nunc
1304 2846 1609 2932 Cybeleia
1653 2851 1842 2915 nouit

224 2934 482 3000 Limina
528 2939 594 2999 et
637 2935 963 3002 Euboicae
1010 2957 1270 3002 carmen
1314 2937 1474 3022 legit
1517 2937 1625 3002 ille
1673 2936 1973 3021 Sibyllae.

372 3241 475 3288 147
519 3233 717 3291 uiridis
764 3242 798 3288 c
845 3255 879 3289 a
924 3238 1011 3306 (dc
1056 3242 1103 3289 A
1150 3254 1266 3293 mm
1303 3239 1522 3306 liquefit
1558 3237 1753 3294 nitidis
1789 3238 1949 3293 Dom.
1979 3239 2000 3308 Ι
2028 3243 2133 3293 150
2168 3238 2363 3309 saepe]

228 3304 377 3359 cedit
413 3306 657 3373 Markl.;
702 3313 845 3377 puto
900 3309 1090 3363 sordet
1141 3310 1161 3378 ΙΙ
1226 3314 1330 3363 154
1368 3307 1612 3364 demissa
1648 3314 1708 3364 cz
1748 3309 1979 3366 decussa
2034 3314 2070 3365 ς
2109 3328 2144 3362 ι.
2184 3311 2206 3379 fl
2256 3314 2364 3365 161

228 3376 494 3432 reclinem
535 3383 570 3429 c
606 3397 640 3431 a
666 3381 686 3448 ΙΙ
715 3386 815 3434 169
856 3380 1010 3434 clara
1047 3386 1082 3432 c
1119 3399 1153 3433 a
1178 3381 1197 3449 ΙΙ
1229 3387 1329 3436 176
1366 3378 1548 3434 mouit
1584 3385 1618 3431 c
1655 3398 1689 3432 a
