2517 3909
878 182 1257 240 SILUARUM
1292 185 1354 240 L.
1394 184 1463 255 V,
1500 190 1551 242 3.
2157 183 2283 252 141

136 328 241 394 Tu
290 328 486 412 110113,
531 326 843 413 crispine,
887 328 1067 413 mihi,
1112 350 1477 415 cuneosque
1521 351 1639 414 per
1684 350 1910 395 omnes

137 416 235 482 Te
284 433 471 482 meus
520 417 858 483 absentem
896 418 1463 504 circumspectabit
1506 418 1815 485 Achilles.

139 503 271 571 Sed
316 506 545 572 uenies
590 506 821 572 melior
868 504 1124 591 (uatum
1167 528 1304 574 non
1348 507 1535 572 irrita
1580 510 1845 573 currunt

140 592 444 682 Omina);
480 595 717 681 quique
755 595 1004 680 aquilas
1041 596 1167 661 tibi
1203 618 1379 662 nunc
1415 599 1483 661 et
1515 598 1730 662 castra
1766 595 2056 681 recludit,
2182 610 2284 660 165

139 682 324 748 Idem
372 705 601 749 omnes
644 684 926 768 perferre
971 685 1211 770 gradus
1258 685 1561 770 cingique
1607 684 1902 769 superbis

29 761 30 766 ἵ
141 771 461 838 Fascibus
508 776 576 837 et
618 773 866 857 patrias
914 773 1098 839 dabit
1141 774 1459 840 insedisse
1504 774 1776 839 curules.

144 859 270 926 Sed
316 862 464 947 quis
513 862 596 927 ab
644 862 914 928 excelsis
961 861 1282 930 Troianae
1328 863 1601 929 collibus
1649 862 1905 947 Albae„

141 949 332 1017 Unde
380 972 535 1016 suae
579 951 764 1017 iuxta
807 953 1181 1036 prospectat
1224 952 1486 1018 moenia
1529 951 1777 1020 Romae

140 1038 484 1105 Proximus
528 1040 642 1105 ille
687 1040 861 1124 deuS,
906 1040 1082 1106 fama
1125 1041 1416 1108 uelocior
1457 1041 1663 1106 intrat
2182 1053 2282 1104 170

140 1127 429 1195 Nuntius
479 1132 673 1214 atque
706 1132 855 1194 tuos
891 1129 1139 1215 implet,
1175 1128 1501 1215 Crispine,
1528 1129 1841 1214 penates?

139 1217 459 1284 Dicebam
502 1221 705 1284 certe:
749 1220 978 1282 uatum
1021 1240 1158 1284 non
1201 1219 1388 1284 irrita
1431 1222 1698 1284 currunt

140 1308 458 1394 Auguria.
549 1308 656 1373 en!
701 1307 932 1392 ingens
979 1310 1227 1372 reserat
1269 1307 1397 1373 tibi
1439 1308 1639 1374 limen
1681 1306 2007 1373 honorum

144 1394 389 1462 Caesar
434 1398 500 1462 et
544 1395 824 1462 Ausonii
869 1395 1222 1462 committit
1268 1397 1495 1464 munia
1536 1397 1713 1461 ferri.

29 1509 30 1552 3
141 1484 344 1570 Uade,
388 1508 569 1569 puer,
610 1486 941 1570 tantisque
988 1485 1213 1550 enixus
1260 1484 1489 1552 suffice
1534 1485 1749 1570 donis,
2178 1497 2279 1546 175

29 1599 32 1648 ;
140 1573 342 1659 Felix,
386 1574 501 1660 qui
544 1595 785 1660 magno
830 1575 963 1639 iam
1008 1595 1183 1639 nunc
1230 1574 1355 1639 sub
1400 1572 1697 1658 praeside
1741 1574 1915 1640 iuras

144 1662 391 1748 Cuique
437 1684 620 1728 sacer
664 1663 945 1747 primum
988 1663 1192 1730 tradit
1237 1662 1661 1730 Germanicus
1709 1662 1958 1728 ensem!

29 1757 32 1790 ῑ
144 1750 298 1818 Non
343 1752 562 1817 minus
607 1750 751 1836 hoc,
793 1752 954 1817 forti
1000 1774 1199 1837 quam
1244 1753 1304 1817 si
1347 1751 1471 1818 tibi
1514 1751 1831 1836 panderet
1873 1750 2014 1834 ipse

29 1859 32 1928 ξ
139 1840 543 1925 Bellipotens
591 1841 838 1925 aquilas
884 1844 1201 1927 toruaque
1245 1841 1578 1907 induceret
1624 1862 1738 1906 ora

141 1927 427 1996 Casside.
519 1929 684 1994 uade
731 1931 941 1996 alacer
976 1930 1354 2015 maioraque
1399 1928 1575 1996 disce
1611 1928 1870 1996 mereri!
2177 1941 2278 1992 180

1155 2159 1272 2226 ΠΙ.

639 2296 1038 2355 EPICEDION
1080 2299 1162 2354 IN
1207 2299 1513 2355 PATREM
1559 2299 1780 2355 SUUM.

142 2426 287 2512 Ipse
337 2425 543 2490 malas
590 2425 761 2490 uires
809 2428 875 2490 et
918 2426 1339 2492 lamentabile
1386 2416 1648 2493 carmen

142 2515 372 2599 Elysio
419 2514 499 2578 de
544 2515 724 2579 fonte
770 2514 935 2579 mihi
979 2516 1367 2601 pulsumque
1416 2515 1719 2580 sinistrae

31 2657 32 2676 ,
142 2602 257 2687 Da,
304 2603 568 2689 genitor
611 2603 935 2688 perdocte,
979 2604 1177 2689 lyrae.
1222 2659 1229 2666 .
1267 2626 1477 2690 neque
1524 2604 1699 2669 enim
1745 2605 1935 2668 antra
1981 2623 2240 2670 mouere

31 2685 32 2698 ¹
142 2691 327 2756 Delia
362 2712 484 2757 nec
531 2692 792 2757 solitam
835 2693 938 2757 fas
985 2697 1087 2758 est
1130 2694 1463 2778 impellere
1512 2690 1833 2777 Cyrrham

143 2779 229 2845 Te
276 2781 436 2845 sine.
529 2778 803 2865 Corycia
849 2780 1154 2866 quicquid
1198 2783 1392 2847 modo
1436 2781 1740 2847 Phoebus
1788 2781 1858 2845 in
1904 2781 2151 2864 umbra,
2242 2795 2274 2845 5

31 2875 34 2898 ¹
145 2868 460 2955 Quicquid
497 2869 579 2934 ab
626 2869 919 2936 Ismariis
966 2870 1379 2936 monstrabat
1425 2870 1699 2937 collibus
1745 2868 2004 2953 Euhan,

278 3102 391 3151 162
439 3094 621 3151 deeris
667 3100 715 3152 A
761 3101 796 3147 0
841 3097 862 3167 ΙΙ
908 3102 1014 3154 166
1060 3113 1273 3168 perque
1316 3098 1400 3153 ire
1435 3099 1642 3168 gradus
1677 3097 1979 3180 &maium
2020 3095 2150 3163 fort.
2189 3115 2275 3151 su-

141 3182 333 3236 potare
383 3168 393 3234 Ι
443 3166 703 3235 cingique
749 3171 820 3222 A·
868 3166 1159 3239 cingitque
1206 3174 1242 3224 0
1299 3170 1320 3238 ΙΙ
1374 3176 1477 3225 168
1526 3168 1589 3224 Si
1632 3170 1757 3238 quis
1795 3174 1830 3220 0
1869 3187 1904 3220 a
1945 3169 1968 3237 fl
2014 3172 2118 3222 170
2155 3168 2276 3222 deis

141 3239 215 3293 ed.
264 3238 466 3293 Pam·
504 3239 514 3305 1
556 3242 658 3294 175
704 3237 863 3294 Uade
907 3243 981 3295 A.
1028 3240 1190 3295 Unde
1236 3244 1274 3291 0
1317 3242 1339 3310 fl
1386 3247 1488 3298 178
1526 3240 1661 3298 forti
1695 3240 1924 3309 scripsi.-
1967 3236 2104 3293 forti
2027 3238 2132 3293 rtis
2170 3245 2206 3291 0
2243 3258 2278 3291 ει

142 3309 300 3365 sortis
319 3309 594 3364 Heinsius
619 3309 729 3365 hoc
754 3309 937 3380 fortis,
965 3327 1136 3382 quam
1157 3311 1369 3367 Markl.
1386 3313 1417 3381 11
1445 3317 1549 3369 180
1579 3310 1805 3366 Casside
1828 3315 1864 3366 ς
1885 3328 1944 3363 ae
1982 3308 2212 3366 Cassida
2240 3315 2277 3361 0

271 3381 371 3435 ΠΙ.
438 3386 471 3434 3
509 3379 774 3449 predocte
812 3386 847 3432 0
884 3400 935 3449 a,
977 3399 1119 3440 corr.
1158 3387 1248 3438 ς.
1286 3382 1572 3452 praeclare
1612 3381 1824 3438 Markl.
1857 3382 1865 3448 Ι
1897 3380 2113 3436 moueri
2151 3386 2186 3432 0
2224 3399 2274 3447 a,

33 3487 34 3524 ἢ
138 3466 269 3510 corr.
313 3453 461 3522 3115
499 3451 580 3506 Te
617 3450 838 3507 311100.
874 3452 1232 3509 Desinessa
