2517 3909
301 176 376 223 vl
1071 175 1488 224 PRAEFATIO.

305 334 472 391 diatt.
499 340 722 397 998-
753 340 877 396 652.
909 336 1028 392 Put.
1058 335 1215 393 Colb.
1246 337 1405 392 Vrat.
1437 337 1531 391 alii
1552 333 1897 406 praestabat.
1985 335 2106 392 ‘1oe-
2139 331 2194 385 in
2226 333 2291 385 li·

305 420 422 476 bris
461 436 606 494 quae
632 428 849 479 nudent.

1158 610 1431 661 LIB.11.

317 797 324 804 -
467 760 641 816 vers.
669 765 726 821 6.
757 761 880 817 Put.
912 758 1068 818 Colb.
1097 762 1307 833 aliique
1331 761 1573 817 chedma
1656 761 1874 816 Versus
1902 762 2147 819 37-40.
2178 761 2291 815 illie

305 873 392 884 —
416 846 654 918 pulsant
679 846 885 903 desunt
916 847 974 901 in
1015 846 1140 902 Put.
1169 846 1328 902 Colb.
1357 846 1480 915 Pa,
1515 842 1586 920 β,
1622 844 1765 902 Gud.
1802 850 2063 917 utroque,
2106 848 2286 917 Lips.‚

305 929 554 1003 Freisg.‚
597 930 704 986 sed
730 931 790 987 in
815 931 1102 1003 plerisque
1131 930 1207 987 ad
1241 932 1552 1003 marginem
1583 947 1753 986 manu
1783 932 2097 985 recentiore
2128 931 2289 1002 appi-

306 1015 397 1071 eti.
449 1014 531 1070 De
558 1030 830 1072 versuum
854 1020 1081 1076 35—-46
1102 1015 1303 1071 ordine
1328 1015 1465 1071 vide
1492 1014 1781 1071 Barthium
1797 1058 1812 1083 ,
1843 1016 1938 1087 qui
1970 1032 2174 1071 versus
2208 1018 2289 1070 ita

308 1115 437 1156 sese
460 1100 727 1172 excipere
759 1102 907 1155 vult:
937 1103 1027 1168 35,
1058 1104 1147 1168 36,
1174 1104 1264 1168 43,
1293 1106 1381 1169 44,
1408 1102 1498 1169 37,
1522 1105 1609 1169 38,
1630 1105 1719 1169 39,
1739 1105 1829 1169 40,
1855 1105 1944 1168 41,
1965 1105 2055 1168 42,
2083 1101 2169 1167 45,
2202 1104 2291 1158 46.

305 1212 392 1223 -
415 1188 506 1243 44.
547 1184 703 1241 haud
739 1187 904 1257 pauci
944 1201 1058 1241 non
1097 1186 1329 1245 audem.
1425 1189 1513 1244 62.
1558 1186 1769 1257 aliquot
1803 1191 1969 1239 meat.
2073 1188 2162 1243 63.
2196 1187 2294 1239 eui

307 1270 427 1342 fere
462 1285 691 1340 omnes,
726 1286 873 1326 unus
908 1286 1098 1340 mm,
1140 1286 1196 1325 v.
1228 1269 1423 1325 Barth.
1508 1272 1596 1329 69.
1636 1269 1825 1326 scribit
1855 1269 2148 1324 Dubnerus
2188 1270 2293 1324 sed

305 1368 523 1409 summa
555 1354 752 1410 T.“8ed
773 1355 933 1426 Are„
962 1355 1155 1411 neseio
1178 1370 1292 1427 qua
1324 1356 1591 1411 librorum
1624 1354 1965 1409 auctoritate.
2050 1355 2138 1412 74.
2167 1355 2289 1426 ple-

304 1440 464 1510 rique
489 1438 613 1495 libri
644 1438 847 1495 ducere
860 1482 876 1505 ,
911 1440 1067 1495 Vrat.
1093 1440 1345 1496 educere.
1432 1444 1521 1498 81.
1551 1439 1674 1494 Put.
1706 1440 1802 1494 alii
1833 1438 2077 1494 rabidae.
2162 1444 2288 1498 108.

304 1522 560 1595 plerique
591 1526 675 1579 eie
700 1522 879 1597 fama,
901 1525 1023 1579 Put.
1053 1525 1158 1580 seit
1179 1523 1360 1596 fama,
1391 1524 1547 1582 colb.
1573 1523 1717 1579 Gud.
1744 1542 1802 1596 a,
1824 1542 1863 1599 y
1888 1524 2180 1595 supa-bus,
2201 1540 2291 1578 re·

306 1607 442 1680 liqui
473 1608 736 1681 superbit.
824 1615 944 1667 110.
974 1610 1228 1681 plerique
1260 1614 1374 1665 tua.
1463 1612 1582 1668 138.
1614 1607 1806 1664 Barth.
1834 1608 2074 1664 obvertit.
2162 1612 2285 1667 153.

308 1693 404 1749 alii
435 1694 583 1762 (Put.
616 1692 801 1762 colb.)
835 1694 1071 1762 dextra,
1106 1694 1201 1750 alii
1229 1701 1376 1749 atra.
1462 1698 1566 1752 185
1588 1710 1708 1765 seq.
1731 1700 1882 1749 reete
1912 1693 2120 1748 iudicat
2142 1693 2291 1749 Dub-

306 1794 507 1847 neruS,
541 1780 726 1835 locum
753 1795 865 1835 non
892 1779 1172 1852 integrum
1200 1793 1348 1835 esse.
1436 1784 1557 1838 209.
1593 1778 1733 1834 haee
1767 1779 1824 1833 in
1857 1778 2078 1849 optimis
2111 1778 2288 1835 libris.

305 1868 429 1924 231.
471 1864 733 1920 meliores
777 1864 1065 1935 ruborem,
1114 1864 1206 1920 alii
1242 1864 1538 1936 puderent.
1635 1868 1762 1923 232.
1802 1864 2066 1919 meliores
2106 1864 2291 1918 tacite.

305 1952 429 2008 258·
461 1950 582 2005 Put.
616 1947 771 2006 Colb.
802 1948 1042 2023 Euippi,
1084 1950 1179 2005 alii
1212 1949 1488 2020 Euhippi,
1521 1948 1826 2020 Euebippi‚
1866 1948 2134 2020 Eurippi,
2169 1948 2290 2002 Eu-

299 2032 542 2106 phippi.-
604 2038 727 2094 268.
755 2047 1072 2106 persequar
1104 2050 1177 2089 ex
1204 2034 1433 2105 optimis
1462 2034 1638 2089 libris.
1738 2035 1863 2093 297.
1895 2040 2131 2104 quatuor
2163 2034 2290 2088 libri

305 2122 451 2175 mne.
535 2120 659 2178 327.
685 2119 898 2191 aliquot
921 2123 1177 2191 pectore,
1210 2124 1324 2174 tres
1358 2132 1622 2190 corpore,
1653 2117 1843 2173 Barth.
1868 2126 2122 2190 pectora.
2173 2118 2290 2173 Eo-

309 2201 439 2258 dem
477 2220 652 2261 versu
681 2204 801 2259 Put.
835 2217 1107 2276 quereus,
1151 2219 1435 2275 superser.
1483 2205 1661 2266 vires,-
1712 2202 1850 2259 illud
1896 2201 2289 2259 commendant

307 2286 555 2344 Gronov.
596 2287 888 2357 Heinsius,
936 2287 1227 2353 Barthius3
1269 2289 1416 2345 conf.
1454 2287 1636 2344 Dubn.
1671 2287 1745 2343 ad
1776 2287 1835 2342 h.
1869 2289 1906 2346 l.
1940 2287 2098 2359 Virg.
2142 2288 2287 2342 Aen.

303 2371 422 2441 XII,
454 2376 560 2434 104
584 2389 704 2447 seq.
750 2373 973 2442 Lue.-11,
993 2376 1115 2433 603.
1138 2403 1224 2416 --
1250 2376 1376 2434 338.
1407 2389 1603 2428 omnes
1638 2372 1763 2428 libri
1783 2373 2046 2428 iaetantia
2063 2379 2291 2445 praeter

304 2457 429 2515 Put.
465 2464 582 2530 opt.
612 2459 706 2530 qui
734 2458 904 2514 habet
939 2459 1238 2527 latrantia,
1277 2460 1349 2514 ef.
1386 2456 1588 2513 Markl.
1625 2456 1701 2514 ad
1734 2458 1858 2513 silv.
1888 2457 1962 2526 11,
2001 2465 2052 2526 1,
2086 2462 2172 2516 13.
2201 2485 2291 2496 —

306 2545 433 2602 344.
456 2543 550 2599 alii
576 2544 879 2616 poterisne.
966 2544 1089 2603 359.
1121 2545 1442 2616 praeferam
1469 2543 1774 2611 demittere,
1813 2557 1997 2614 neque
2017 2542 2292 2613 displicet

310 2626 464 2698 quod
490 2628 718 2684 Vratisl.
754 2626 923 2685 habet
953 2631 1012 2684 in
1040 2630 1225 2684 terris.
1323 2632 1446 2689 386.
1480 2643 1677 2683 omnes
1712 2628 1887 2683 nostri
1930 2626 2110 2700 ferus.
2215 2625 2292 2682 ad

307 2730 367 2769 v.
399 2714 505 2770 417
542 2729 625 2785 sq.
661 2713 810 2768 conf.
848 2712 1038 2769 Barth.
1146 2716 1269 2772 465.
1312 2728 1509 2768 omnes
1549 2725 1699 2767 eras.
1802 2716 1921 2771 509.
1972 2713 2089 2768 Put.
2132 2711 2289 2767 Vrat.

304 2795 590 2869 frementi,
641 2797 895 2871 plerique
945 2799 1208 2853 trementi.
1286 2832 1298 2843 ·
1324 2803 1445 2856 512.
1487 2812 1681 2852 omnes
1731 2798 1850 2853 sere
1895 2796 2083 2865 dirae,
2137 2795 2292 2867 quod

310 2880 660 2952 aptissimum
688 2888 793 2939 est.
890 2885 1012 2942 538.
1047 2882 1271 2939 variant
1304 2882 1465 2938 libri:
1498 2880 1745 2952 Clu-omi,
1783 2881 2049 2950 Chromii,
2083 2880 2292 2949 Cronii,

311 2965 574 3024 Chthonii.
658 2973 777 3027 541.
820 2968 1073 3039 plerique
1103 2967 1360 3039 teqimen,
1407 2966 1661 3022 nonnulli
1693 2972 1921 3040 teqmen.
1984 2963 2132 3025 551.
2169 2967 2289 3021 Put.

308 3050 481 3108 deire.
577 3056 699 3112 556.
732 3052 923 3109 Barth.
952 3057 1008 3106 et
1034 3067 1180 3107 unus
1209 3069 1241 3106 e
1276 3053 1483 3108 nostris
1512 3051 1785 3107 abscissis.
1870 3055 1993 3112 573.
2025 3050 2292 3105 meliores

308 3137 574 3208 confisus,
617 3136 713 3196 alii
756 3134 1063 3209 confessus.
1162 3141 1285 3196 588.
1327 3136 1581 3208 plerique
1628 3136 1883 3208 diffusus-
1984 3139 2107 3195 593.
2139 3134 2296 3190 haud

307 3221 477 3293 pauci
518 3223 750 3279 involvit.
801 3249 888 3263 --—
938 3220 1140 3292 scripsi
1184 3227 1435 3286 ruentes,
1493 3220 1645 3291 quod
1696 3220 1866 3276 habet
1908 3220 2030 3277 Put.
2072 3226 2129 3275 et
2184 3220 2295 3276 iam

311 3304 595 3361 Gronovio
646 3305 887 3378 planum
947 3302 1099 3361 Colb.
1142 3302 1269 3381 Ρβ,
1311 3305 1412 3360 Ga
1446 3311 1700 3362 ruentum
1712 3327 1732 3368 ,-
1789 3306 1948 3361 Vrat.
1994 3303 2154 3361 Cass·
2194 3305 2295 3372 Pa,

313 3384 437 3463 Gss,
464 3390 813 3464 renuentis,-
865 3388 1018 3460 Lips.
1062 3388 1158 3464 Gy
1195 3404 1477 3461 superser.
1528 3392 1751 3445 ruentis.
1886 3394 2007 3449 658.
2045 3390 2295 3446 nonnulli

311 3472 508 3530 timide.
589 3476 744 3533 -668,
788 3473 1042 3546 plerique
1074 3479 1190 3537 ast3
1233 3474 1403 3533 Gron.
1440 3472 1601 3530 diatr.
1637 3477 1744 3534 463
1784 3479 2039 3532 attamen.
2172 3477 2295 3533 712.
