2517 3909
807 143 1205 194 mammos
1248 145 1390 193 mn.
1430 146 1553 193 vn.
2069 136 2188 198 149

188 295 580 359 Transabie're
624 296 823 359 duces.
913 296 1179 361 Clonium
1219 310 1396 380 atque
1437 302 1495 361 in
1537 311 1706 380 terga
1752 313 2049 365 comantes

185 382 325 444 Non
373 401 487 461 ego
529 382 918 459 Abantiadas,
957 402 1074 446 non
1116 394 1210 462 te,
1253 403 1469 449 saxosa
1507 384 1784 465 Caryste,
2077 397 2183 453 370

188 459 345 527 Nou*
368 467 611 528 humiles
647 468 849 546 Aegas
885 468 1176 549 altumque
1218 467 1527 550 capharea
1565 470 1705 533 dixi.

188 551 269 613 Et
311 554 423 613 iam
460 555 619 614 acies
655 551 861 614 obtusa
903 562 1112 630 negat,
1155 558 1464 634 cunctique
1507 556 1826 634 resistunt,

188 635 270 697 Et
313 646 444 697 tuus
484 638 715 698 armatis
759 637 919 698 iubet
959 653 1106 699 ecce
1146 639 1378 700 silentia
1419 638 1651 700 frater.’

321 721 437 782 Vix
472 739 543 781 ea
585 731 741 782 turre
787 740 1002 798 senex,
1050 742 1224 802 quum
1272 724 1479 786 ductor
1517 723 1590 784 ab
1627 742 1849 803 aggere
1888 728 2110 804 coepit:

192 805 577 883 ‘Magnanimi
615 823 824 883 reges,
872 807 1076 885 quibus
1112 808 1266 870 haud
1301 826 1511 887 parere
1554 827 1827 870 recusem
2078 819 2183 876 375

190 890 418 951 Ductor
461 899 520 950 et
563 891 690 968 ipse
733 909 893 952 meas
933 892 1101 952 miles
1140 892 1462 955 defendere
1500 892 1770 970 Thebas,

189 975 328 1036 Non
375 991 489 1052 ego
533 991 642 1034 vos
680 976 974 1037 stimulare
1009 994 1239 1055 parem,
1280 1008 1365 1026 -ο
1403 995 1532 1038 nam
1570 977 1724 1040 liber
1762 979 1820 1040 in
1861 997 2015 1042 arma

189 1059 466 1139 Inpetus,
512 1067 571 1119 et
603 1061 837 1120 meritas
875 1061 1024 1121 ultro
1068 1061 1299 1136 iurastis
1337 1063 1396 1121 in
1437 1065 1585 1139 iras,
1631 1094 1717 1112 .-.

192 1143 327 1204 Nec
369 1142 606 1204 laudare
653 1144 793 1204 satis
821 1144 1155 1224 dignasque
1198 1147 1531 1226 rependere
1572 1157 1774 1224 grates
2148 1187 2153 1196 ·

193 1228 509 1288 Sufficiam.
595 1228 876 1289 Referent
914 1232 1114 1309 superi
1149 1240 1504 1311 vestraeque
1541 1231 1787 1292 subacto
2078 1241 2187 1295 380

189 1311 380 1372 Hoste
419 1331 643 1382 manus;
687 1312 890 1374 urbem
932 1316 1095 1375 socia
1141 1314 1216 1376 de
1252 1326 1434 1394 gente
1478 1315 1716 1380 subistis

190 1398 423 1474 Tutari,
469 1415 637 1476 quam
670 1416 788 1458 non
828 1399 956 1460 aliis
998 1401 1312 1479 populator
1355 1400 1429 1462 ab
1475 1403 1595 1464 oris

187 1482 455 1560 Belliger
496 1491 812 1543 externave
856 1493 1011 1543 satus
1053 1484 1305 1561 tellure,
1350 1486 1455 1546 sed
1498 1486 1682 1546 hostis

188 1567 469 1645 Indigena
513 1567 788 1644 assultat,
837 1568 929 1628 cui
973 1577 1163 1629 castra
1208 1570 1458 1631 adversa
1500 1574 1727 1648 regenti

186 1651 299 1712 Hic
346 1660 546 1731 pater,
592 1650 688 1711 hic
731 1636 1032 1729 genetrix,
1068 1652 1163 1713 bic
1199 1655 1429 1715 iunctae
1471 1656 1652 1734 stirpe
1688 1673 1965 1734 sorores,
2070 1668 2181 1723 385>

188 1736 301 1797 Hic
346 1745 469 1797 erat
513 1745 572 1797 et
610 1736 812 1797 frater.
899 1732 1094 1797 Cerne
1140 1755 1213 1797 en
1256 1737 1604 1818 ubicumque
1645 1741 1929 1802 nefandus

190 1819 496 1882 Excidium
536 1821 757 1882 moliris
799 1822 954 1891 avis;
1000 1839 1220 1883 venere
1261 1821 1533 1883 volentes

191 1905 419 1967 Aoniae
466 1906 702 1985 populi,
753 1924 866 1966 nec
909 1924 1036 1966 sum
1072 1907 1208 1984 tibi,
1252 1925 1464 1984 saeve,
1506 1908 1767 1969 relictus.

196 1989 348 2064 Quid
381 1991 524 2051 velit
560 1992 670 2051 ista
714 1991 965 2067 cohors,
1013 2000 1073 2051 et
1107 2000 1166 2051 te
1210 1993 1431 2054 sentire
1464 1992 1734 2053 decebat.

189 2072 465 2135 Reddere
500 2092 680 2152 regna
717 2080 960 2136 vetant?
1050 2076 1150 2136 Sic
1190 2076 1375 2153 fatuS,
1421 2085 1480 2137 et
1520 2079 1707 2137 omnia
1749 2080 1860 2140 rite
2075 2089 2182 2145 390

193 2157 493 2238 Disponit,
540 2161 637 2241 qui
679 2158 837 2221 bella
881 2169 1122 2237 gerant,
1168 2162 1266 2241 qui
1311 2163 1541 2222 moenia
1583 2171 1851 2239 servent,

192 2241 353 2318 Quas
391 2246 449 2304 in
492 2244 684 2305 fronte
723 2263 957 2321 manue,
996 2245 1188 2305 medio
1232 2264 1380 2326 quas
1420 2244 1637 2306 robore
1681 2247 1866 2310 sistat.

320 2327 668 2408 Perspicuae
714 2331 801 2390 sic
838 2330 970 2390 luce
1011 2331 1175 2390 fores
1223 2339 1283 2390 et
1319 2332 1523 2408 virgea
1558 2340 1761 2410 pastor

196 2411 459 2473 Claustra
503 2413 691 2490 levat,
737 2414 868 2474 dum
906 2423 1063 2475 terra
1107 2433 1348 2484 receus;
1395 2415 1553 2476 iubet
1594 2416 1797 2477 ordine
1840 2417 2056 2496 primos

192 2497 288 2558 Ire
328 2498 544 2575 duces,
587 2498 776 2559 media
809 2499 1089 2577 stipantur
1129 2499 1312 2578 plebe
1350 2503 1621 2567 maritae;
2074 2512 2178 2568 395

191 2580 331 2661 Ipse
368 2582 524 2643 levat
562 2583 832 2660 gravidas
876 2591 936 2642 et
969 2582 1197 2645 humum
1220 2592 1456 2645 tactura
1494 2594 1799 2663 parentum

192 2666 421 2744 Ubera,
466 2667 886 2746 suceiduasque
931 2675 1201 2746 apportat
1245 2668 1523 2729 matribus
1566 2687 1766 2747 agnas.

313 2751 543 2813 Interea
575 2750 759 2812 Danai
795 2759 1147 2832 noctemque
1184 2752 1456 2831 diemque
1499 2754 1608 2814 sub
1645 2757 1848 2833 armis,

190 2835 437 2898 Noctem
475 2838 683 2897 iterum
726 2854 1044 2915 rursusque
1081 2836 1268 2914 diem,
1314 2838 1399 2897 sic
1441 2839 1525 2899 ira
1574 2838 1834 2915 ferebat,

188 2919 564 2999 Ingeminant.
656 2917 1001 2999 Contempta
1046 2921 1246 3001 quies,
1291 2924 1391 2982 vix
1432 2933 1528 2984 aut
1565 2941 1748 3004 sopor
1790 2925 1903 2985 illis
2072 2934 2178 2989 400

192 3005 310 3066 Aut
351 3006 561 3085 epulae
601 3005 806 3067 fecere
848 3022 1091 3074 moram;
1138 3016 1488 3085 properatur
1527 3009 1584 3068 in
1624 3009 1852 3069 hostem

193 3089 357 3151 More
402 3090 610 3168 fugae,
653 3109 767 3151 nec
805 3099 1061 3151 monstra
1095 3100 1334 3168 tenent,
1380 3107 1530 3171 quae
1573 3094 1812 3173 plurima
1854 3093 2031 3152 nectit

191 3174 520 3252 Prodigiale
556 3193 774 3236 canens
807 3177 953 3236 certi
993 3176 1116 3237 fors
1152 3178 1391 3255 praevia
1434 3177 1555 3238 fati.

192 3259 422 3339 Quippe
467 3259 658 3321 ferunt
700 3261 860 3321 diros
902 3262 1149 3320 monitus
1191 3260 1588 3340 volucresque
1626 3261 1907 3338 feraeque

191 3343 515 3423 Sideraque
560 3346 870 3424 aversique
913 3346 1032 3405 suis
1077 3345 1421 3406 decursibus
1462 3364 1694 3421 amnes,
2073 3356 2175 3410 405

189 3427 584 3509 Infestumque
623 3438 785 3491 tonat
825 3439 993 3510 pater
1038 3438 1099 3492 et
1132 3430 1284 3491 mala
1324 3429 1557 3509 fulgura
1597 3430 1823 3492 lucent:
