2517 3909
847 112 1245 164 THEBAIDOS
1289 113 1428 164 mn.
1473 115 1544 163 x,
2069 102 2188 164 231

196 267 289 329 Tu
332 266 531 348 potius
570 266 806 345 venias,
853 265 982 346 quis
1026 268 1176 329 enim
1222 283 1574 331 concurrere
1616 267 1788 330 nobis

187 349 490 432 Dignior?
532 368 607 413 en
645 353 876 413 cineres
916 351 1305 432 Semcleaque
1341 351 1511 414 busta
1556 362 1844 414 tenentur.

187 436 368 499 Nunc
408 454 555 515 age,
597 453 749 496 nunc
789 436 926 497 totis
962 436 1021 497 in
1062 455 1155 498 me
1195 439 1497 499 connitere
1540 438 1779 499 flammis

189 521 494 602 Iuppiter!
538 538 612 582 an
653 521 895 601 pavidas
937 524 1151 595 tonitru
1194 521 1433 584 turbare
1477 522 1707 602 puellas
2090 532 2192 587 905

192 605 436 668 Fortior
483 614 544 666 et
584 604 782 666 soceri
822 604 1107 669 thalamos
1151 606 1467 669 excindere
1511 604 1711 667 Cadmi
1723 603 1776 666 ‘P

326 688 613 770 Ingemuit
654 689 824 751 dictis
867 708 1140 770 superum
1182 691 1382 761 dolor;
1425 692 1556 770 ipse
1590 690 1876 753 furentem

193 774 385 853 Risit,
427 783 489 835 et
530 775 762 835 incussa
801 785 1130 836 sanctarum
1169 775 1326 836 mole
1367 792 1680 852 comarum,

195 858 529 934 ‘Quaenam
563 876 708 938 spes
742 857 1032 920 homiuum
1073 860 1322 923 tumidae
1362 869 1499 939 post
1541 858 1769 938 proelia
1805 857 2135 937 Phlegrae?

197 943 368 1005 Tune
406 945 577 1006 etiam
616 942 992 1005 feriendus‘P
1036 945 1142 1014 ait;
1187 946 1398 1025 premit
1439 945 1692 1024 undique
1729 944 1945 1005 lentum
2091 953 2197 1008 910

197 1027 397 1090 Turba
440 1028 611 1090 deum
654 1028 930 1090 frendens
975 1038 1035 1090 et
1077 1029 1196 1091 tela
1235 1029 1464 1091 ultricia
1506 1030 1719 1110 poscit.

194 1112 332 1175 Nec
370 1114 480 1174 iam
521 1112 697 1174 audet
734 1112 870 1174 fatis
909 1112 1133 1175 turbata
1179 1112 1471 1176 obsistere
1515 1114 1745 1175 coniux.

198 1197 338 1278 Ipsa
384 1198 517 1259 dato
559 1197 810 1259 nondum
847 1199 1129 1259 coelestis
1174 1199 1342 1277 regia
1378 1199 1548 1278 signo

200 1284 430 1362 Sponte
471 1290 666 1359 tonat,
703 1291 919 1343 coeunt
961 1284 1128 1362 ipsae
1162 1284 1295 1347 sine
1330 1282 1561 1345 flamine
1598 1281 1791 1343 nubes

199 1366 647 1447 Accurruntque
689 1364 925 1431 imbres.
1011 1368 1250 1446 Stygias
1286 1369 1520 1448 rupisse
1562 1376 1800 1429 catenas
2093 1374 2196 1431 915

199 1452 498 1532 Iapetum,
542 1459 640 1512 aut
671 1452 884 1513 victam
921 1469 1137 1532 supera
1175 1452 1248 1514 ad
1290 1470 1557 1514 convexa
1598 1451 1786 1513 levari

198 1536 490 1598 Inarimen
526 1535 846 1597 Aetnamve
888 1545 1092 1615 putes3
1131 1536 1312 1616 pudet
1348 1538 1461 1599 ista
1493 1538 1701 1599 timere

203 1618 580 1689 Coelicolas;
624 1620 732 1680 sed
771 1638 947 1700 quum
988 1621 1048 1681 in
1087 1620 1281 1683 media
1321 1622 1608 1700 vertigiue
1643 1620 1836 1683 mundi

201 1706 374 1767 Stare
413 1705 598 1766 virum
637 1705 988 1783 insanasque
1026 1706 1226 1767 vident
1265 1704 1601 1785 deposcere
1643 1721 1892 1785 pugnas,

200 1789 481 1853 Mirantur
515 1789 676 1850 taciti
718 1798 777 1850 et
816 1788 993 1851 dubio
1032 1806 1141 1870 pro
1179 1789 1417 1853 mimine
1458 1789 1735 1870 pendent.
2095 1798 2201 1853 920

330 1873 628 1953 Coeperat
668 1871 934 1952 Ogygiae
976 1890 1154 1954 supra
1188 1874 1425 1953 fastigia
1463 1874 1639 1936 turris
1820 1882 1825 1887 '

204 1960 499 2021 Arcanum
540 1960 765 2036 mugire
804 1958 978 2038 polus
1025 1959 1375 2039 coelumque
1415 1957 1678 2020 tenebris

204 2044 475 2113 Auferri;
517 2052 680 2105 tenet
713 2043 816 2107 ille
859 2053 1084 2121 tamen,
1127 2062 1272 2123 quas
1313 2060 1431 2109 non
1465 2043 1661 2120 videt,
1699 2058 1894 2120 arces,

202 2128 580 2207 Fulguraque
615 2128 826 2199 attritis
870 2130 1142 2207 quotiens
1180 2130 1444 2191 micuere
1478 2126 1784 2207 procellis,

207 2212 384 2291 ‘His,
424 2214 537 2289 ait,
574 2212 634 2272 in
672 2211 944 2289 Thebas,
981 2213 1071 2273 his
1109 2213 1221 2274 iam
1261 2213 1436 2275 decet
1479 2210 1707 2291 ignibus
1750 2211 1857 2285 uti,
2096 2219 2200 2277 925

206 2297 358 2360 Hinc
397 2312 684 2359 renovare
729 2297 920 2359 facem
961 2296 1292 2377 lassamque
1336 2297 1667 2360 accendere
1711 2296 2033 2376 quercum?

334 2381 497 2443 Talia
537 2381 825 2445 dicentem
869 2391 996 2445 toto
1031 2381 1176 2447 Iove
1216 2382 1436 2444 fulmen
1478 2382 1742 2445 adactum

211 2467 536 2546 Corripuit;
574 2467 796 2545 primae
837 2465 1047 2544 fugere
1080 2467 1139 2527 in
1175 2466 1373 2529 nubila
1412 2467 1646 2543 cristae,

207 2551 288 2615 Et
329 2551 507 2631 clipei
546 2550 713 2630 niger
750 2548 924 2611 umbo
968 2551 1156 2630 cadit,
1202 2553 1435 2632 iamque
1472 2551 1662 2615 omnia
1700 2549 1900 2611 lucent

207 2635 471 2698 Membra
505 2636 644 2705 viri;
693 2635 906 2699 cedunt
945 2634 1106 2699 acies
1148 2646 1209 2699 et
1249 2646 1444 2699 terror
1482 2636 1791 2714 utrimque,
2097 2644 2204 2700 930

211 2721 343 2797 Quo
382 2727 544 2797 ruat,
580 2720 803 2782 ardenti
844 2720 1016 2785 feriat
1059 2739 1202 2802 quas
1242 2738 1496 2801 corpore
1538 2729 1774 2781 turmas.

210 2804 391 2887 [Intra
434 2821 503 2866 se
545 2804 795 2866 stridere
834 2804 1027 2867 facem
1063 2806 1413 2886 galeamque
1459 2820 1774 2885 comasque

206 2890 487 2966 Quaerit,
534 2897 595 2950 et
633 2898 895 2953 urentem
936 2889 1180 2952 thoraca
1213 2890 1514 2970 repellere
1554 2889 1762 2952 dextra

210 2973 469 3041 Conatus
512 2973 654 3034 ferri
690 2975 948 3039 cinerem
992 2973 1102 3037 sub
1138 2984 1386 3055 pectore
1426 2975 1684 3055 tractat.]

207 3061 337 3123 Stat
376 3058 569 3121 tanen
609 3067 1045 3137 extremumque
1087 3059 1147 3121 iu
1187 3058 1383 3121 sidera
1422 3077 1632 3121 uersus
1676 3056 1929 3135 anhelat,
2097 3064 2203 3123 93⁵

207 3144 576 3223 Pectoraque
617 3143 819 3205 invisis
861 3143 1044 3204 obicit
1076 3142 1352 3207 fumantia
1390 3145 1591 3224 muris,

206 3227 301 3290 Ne
343 3228 613 3298 caderet;
657 3227 764 3289 sed
795 3226 1054 3289 membra
1096 3229 1284 3291 virum
1326 3237 1562 3290 terrena
1602 3226 1948 3308 relinquunt,

207 3311 571 3392 Exuiturque
615 3315 865 3382 animus;
912 3312 1144 3393 paulum
1184 3314 1235 3373 si
1275 3313 1492 3375 tardius
1528 3321 1687 3377 artus
1803 3346 1807 3353 «

210 3396 580 3476 Cessissent,
621 3399 808 3477 potuit
848 3396 1068 3461 fulmen
1107 3399 1394 3461 meruisse
1435 3396 1772 3461 secundum.
