2517 3909
818 127 1218 178 mammos
1260 129 1402 177 mn.
1443 129 1570 177 xn.
1858 94 1861 99 ¹
2054 116 2179 178 257

188 283 427 344 Ornitus
468 315 552 328 —-
598 281 694 345 hic
736 284 902 344 socio
943 283 1213 345 desertus
1252 285 1326 345 ab
1372 285 1633 364 agmine,
1676 282 1864 345 tardat

185 368 372 445 Plaga
413 384 655 444 recens,
696 401 783 415 —-
820 369 1047 429 timidus
1085 378 1319 430 secreta
1359 388 1469 449 per
1509 370 1638 430 avia
1679 369 1833 431 furto

185 452 406 513 Debile
450 452 634 531 carpit
674 454 818 530 iter,
863 453 1200 533 fractaeque
1234 455 1487 515 innititur
1527 453 1751 517 hastae.

181 537 368 617 Isque
413 536 515 596 ubi
552 546 707 598 mota
738 555 891 598 novo
933 539 1150 618 stupuit
1188 539 1339 600 loca.
1365 539 1494 600 sola
1530 539 1771 599 tumultu
2074 546 2176 604 145

182 621 638 702 Feminenmque
678 640 954 700 gregem,
995 640 1144 702 quae
1183 625 1296 684 iam
1329 641 1508 703 super
1552 625 1776 702 agmina
1815 621 2039 685 Lernae

71 760 72 777 ,
182 707 333 768 Sola
371 707 561 783 videt,
605 740 693 754 --
725 724 841 767 non
877 707 980 768 ille
1016 709 1167 768 viam
1211 725 1536 789 causasque
1576 708 1838 787 requirit,

182 790 421 869 Quippe
464 799 699 869 patent,
737 801 964 852 moesto
1008 792 1115 852 sed
1149 793 1236 853 sic
1273 793 1437 872 prior
1479 802 1729 872 occupat
1772 810 1904 853 ore:

315 881 337 910 ‘
357 874 486 949 Quo
527 876 813 953 miserae,
860 894 975 955 quo
1012 877 1180 937 fertis
1218 874 1371 937 iter?
1410 878 1655 938 funusne
1700 879 2020 958 peremptis

180 961 453 1039 Speratis
490 961 861 1041 cineremque
902 958 1085 1022 viris?
1128 971 1243 1022 stat
1286 962 1538 1042 pervigil
1579 962 1700 1023 illic
2064 974 2170 1029 150

73 1050 96 1091 1'
179 1044 525 1106 Umbrarum
570 1055 767 1106 custos
804 1046 1206 1125 inhumataque
1237 1064 1492 1126 corpora
1529 1048 1658 1126 regi

182 1131 569 1200 Annumerat3
608 1148 882 1210 nusquam
925 1129 1231 1209 lacrimae,
1276 1130 1486 1211 procul
1529 1151 1716 1213 usque
1745 1131 1930 1210 fugati

181 1216 485 1276 Accessus
529 1214 843 1287 hominum
890 1215 1034 1276 solis
1075 1215 1397 1295 avibusque
1436 1217 1695 1296 ferisque

181 1299 278 1360 Ire
322 1300 492 1368 licet;
531 1301 818 1361 vestrisne
855 1299 1049 1361 Creon
1090 1300 1245 1361 dabit
1284 1318 1503 1380 aequus
1546 1300 1829 1364 honorem

182 1380 500 1445 Luctibus?
545 1385 771 1445 inmites
817 1386 983 1445 citius
1019 1384 1321 1448 Busiridos
1363 1403 1495 1448 aras
2069 1396 2171 1452 155

184 1468 535 1547 Odrysiique
571 1468 781 1529 famem
825 1468 1034 1530 stabuli
1081 1470 1429 1550 Siculosque
1472 1469 1673 1533 licebit

181 1552 451 1614 Exorare
493 1553 670 1623 deos;
713 1554 901 1633 rapiet
942 1554 1194 1614 fortasse
1239 1564 1575 1635 precantes,

71 1690 78 1715 ,
183 1639 247 1698 Si
288 1655 452 1698 mens
495 1645 632 1698 nota
672 1638 841 1715 mihi,
886 1656 998 1699 nec
1041 1638 1367 1717 coniugalia
1410 1657 1584 1719 supra

71 1728 74 1733 '
178 1721 410 1782 Funera
432 1765 451 1798 ,
489 1722 596 1783 sed
638 1724 788 1783 caris
831 1723 1006 1801 longe
1049 1722 1319 1784 mactabit
1359 1722 1431 1784 ab
1471 1722 1705 1785 umbris.

183 1805 337 1880 Quin
377 1805 612 1883 fugitis,
654 1807 785 1867 dum
826 1817 944 1869 tuta
986 1809 1081 1868 via
1124 1817 1246 1885 est,
1288 1806 1647 1888 Lernamque
1688 1824 1970 1869 reversae
2066 1818 2172 1874 160

179 1889 460 1967 Nomina,
509 1891 662 1971 quod
706 1902 1008 1972 superest,
1051 1892 1251 1953 vacuis
1296 1891 1443 1953 datis
1478 1892 1620 1953 orba
1657 1892 1946 1971 sepulcris

177 1975 592 2054 Absentesque
635 1976 846 2037 animas
890 1978 962 2039 ad
1000 1978 1188 2038 inania
1226 1976 1394 2038 busta
1437 1973 1707 2039 vocatis?

73 2114 76 2129 2
178 2061 300 2121 Aut
342 2077 450 2120 vos
489 2057 835 2139 Cecropiam
871 2095 954 2107 --
989 2079 1177 2141 prope
1214 2079 1461 2141 namque
1504 2070 1565 2122 et
1612 2060 1844 2123 Thesea
1882 2061 2032 2124 fama
2077 2072 2170 2124 est

73 2150 76 2157 '
178 2143 708 2206 Thermodontiaco
750 2144 963 2206 laetum
996 2164 1260 2206 remeare
1306 2145 1590 2226 triumpho
1632 2179 1715 2193 —·

176 2228 493 2310 Inploratis
536 2226 748 2309 opem?
791 2229 951 2291 bello
994 2231 1295 2308 cogendus
1335 2240 1397 2293 et
1438 2232 1610 2293 armis
2062 2242 2166 2298 165

176 2314 245 2376 In
287 2332 483 2375 mores
518 2314 923 2395 hominemque
966 2314 1205 2376 Creon?
1287 2317 1387 2376 Sic
1425 2316 1609 2392 fatus,
1656 2324 1714 2375 at
1744 2314 1862 2376 illis

173 2399 537 2460 Horruerant
577 2398 881 2477 lacrimae,
927 2402 1255 2480 stupuitque
1296 2401 1537 2462 inmanis
1575 2398 1749 2461 eundi

176 2484 453 2564 Inpetus,
498 2492 670 2564 atque
707 2501 820 2544 uno
864 2484 1055 2546 vultus
1095 2484 1324 2563 pallore
1369 2485 1570 2563 gelati.

176 2567 314 2630 Non
355 2587 528 2629 secus
574 2568 793 2630 afflavit
828 2567 1037 2629 molles
1082 2570 1132 2629 si
1169 2570 1396 2648 quando
1439 2571 1713 2631 iuvencas

177 2652 433 2732 Tigridis
466 2652 769 2728 Hyrcanae
805 2654 1051 2714 ieiunum
1080 2672 1360 2731 murmur,
1407 2663 1466 2715 et
1504 2655 1635 2734 ipse
2067 2666 2168 2722 170

175 2738 394 2799 Auditu
431 2738 689 2798 turbatur
726 2755 898 2814 ager,
943 2739 1114 2798 timor
1152 2738 1415 2799 omnibus
1447 2741 1677 2817 ingens,

175 2823 348 2897 Quae
384 2820 646 2902 placeat,
684 2838 832 2900 quos
878 2821 979 2883 illa
1016 2822 1200 2885 fames
1243 2823 1564 2886 descendat
1604 2826 1662 2884 in
1701 2843 1912 2888 armos.

85 2958 98 3002 ,ἲ
181 2904 469 2968 Continuo
509 2904 734 2967 discors
776 2907 940 2967 vario
976 2908 1258 2969 sententia
1292 2917 1448 2969 motu

87 2998 93 3008 ”
175 2991 501 3059 Scinditur;
545 2988 635 3050 his
674 2988 905 3052 Thebas
947 2991 1335 3072 tumidumque
1378 2992 1597 3055 ambire
1644 2992 1919 3073 Creonta,

174 3075 282 3136 His
327 3075 525 3155 placet
556 3074 820 3136 Actaeae
858 3076 909 3135 si
952 3076 1086 3155 quid
1121 3075 1428 3138 clementia
1463 3080 1655 3156 gentis
2063 3089 2168 3145 175

173 3161 450 3230 Αιιιιιιειῑῑ
482 3168 799 3221 extrexmm
839 3178 1131 3237 curarum,
1167 3179 1245 3222 ac
1285 3171 1456 3241 turpe
1493 3164 1731 3224 reverti.

176 3244 288 3306 llic
326 3261 444 3304 non
477 3243 762 3306 femineae
801 3243 1046 3305 subitum
1089 3247 1318 3307 virtutis
1357 3246 1641 3309 honorem

181 3325 424 3407 Colligit
465 3327 679 3407 Argia,
724 3347 986 3409 sexuque
1020 3332 1243 3391 inmane
1286 3331 1496 3394 relicto

82 3386 100 3440 ²⁸
179 3411 415 3475 Tractat
457 3430 633 3492 opus;
670 3414 864 3494 placet
905 3417 1130 3498 egregii
1171 3434 1312 3498 spes
1356 3416 1499 3481 dura
1536 3415 1747 3498 pericli

268 3516 543 3562 s'rA'rms
583 3518 653 3561 11.
1753 3504 1842 3566 ‘17
