2517 3909
863 162 1266 219 wasemes
1298 165 1438 217 m.
1470 167 1565 217 vr.
2105 157 2222 223 133

233 317 565 383 Fulmineas
606 317 725 382 alte
765 320 1035 401 suspensi
1078 338 1333 403 corpora
1373 321 1584 403 plantis
2125 334 2229 393 750

232 406 502 468 Erexere
539 421 770 477 manus3
812 413 937 466 tuto
980 407 1188 487 procul
1231 425 1337 469 ora
1380 426 1624 473 recessu

232 490 545 553 Armorum
582 491 641 552 in
676 490 954 569 speculis,
995 491 1299 572 aditusque
1337 492 1411 555 ad
1445 492 1687 556 vulnera
1720 493 1886 556 elusi.

231 574 346 637 Hic
388 583 634 655 quantus
670 574 890 653 Stygiis
933 574 1136 653 Tityos
1180 587 1497 656 consurgat
1543 577 1615 640 ab
1659 579 1838 657 arvis,

232 661 301 721 Si
341 668 546 721 torvae
584 659 870 740 patiantur
910 678 1085 738 aves,
1130 669 1286 723 tanta
1326 662 1576 741 undique
1620 662 1816 743 pandit

230 742 626 805 Membrorum
668 746 856 823 spatia
898 754 957 807 et
990 747 1162 810 tantis
1205 746 1371 810 ferus
1402 746 1637 808 ossibus
1675 756 1853 812 extat.
2123 755 2225 813 755

230 828 346 889 Hic
380 828 558 907 paulo
599 838 732 890 ante
767 848 944 909 puer,
990 828 1096 893 sed
1135 832 1288 894 enim
1329 831 1603 895 maturius
1647 848 1797 896 aevo

234 912 471 991 Robur,
518 922 576 974 et
611 914 876 992 ingentes
918 915 1169 996 spondet
1201 924 1373 977 tener
1405 916 1649 996 inpetus¹
1679 933 1884 993 annos,

234 997 425 1072 Quem
466 998 619 1059 vinci
660 998 811 1063 haud
855 1000 1188 1080 quisquam,
1232 1017 1415 1063 saevo
1458 1018 1572 1065 nec
1613 1001 1892 1081 snguine
1931 1001 2074 1080 tingi

229 1082 432 1159 malit,
482 1091 541 1143 et
584 1092 785 1146 erecto
826 1084 1021 1146 timeat
1050 1084 1393 1164 spectacula
1432 1094 1594 1147 voto.

358 1165 435 1227 Ut
482 1184 619 1227 sese
657 1170 955 1247 permensi
990 1170 1209 1245 oculis,
1251 1178 1331 1234 et·
1356 1178 1602 1250 uterque
1645 1170 1905 1250 priorem,
2123 1178 2228 1236 ‘160
2307 1225 2314 1232 .

236 1251 573 1333 speravere
615 1250 839 1330 locum,
885 1269 1000 1314 non
1040 1254 1305 1333 protinus
1346 1255 1467 1331 ira,
1505 1273 1619 1317 nec
1661 1257 1843 1329 istun

235 1336 518 1397 Alternus
557 1335 789 1415 paulum
828 1337 1001 1401 timor
1039 1347 1098 1399 et
1136 1337 1424 1419 permixta
1462 1340 1646 1402 furori

238 1419 533 1498 Consilia,
573 1420 849 1483 inclinant
888 1431 1101 1485 tantum
1145 1425 1436 1486 contraria
1479 1424 1634 1489 iactu

237 1503 519 1581 Brachia,
565 1513 626 1566 et
665 1505 973 1586 explorant
1011 1516 1247 1571 caestus
1288 1506 1681 1588 hebetantque
1723 1508 1988 1571 terendo.

365 1587 611 1651 Doctior
651 1588 748 1651 hic
791 1590 984 1652 differt
1022 1592 1270 1654 animum
1300 1601 1687 1673 ‚metuensque
1722 1592 1898 1656 futuri
2124 1599 2226 1659 76⁵

241 1672 558 1735 Cunctatus
592 1674 750 1735 vires
792 1673 1120 1756 dispensat:
1162 1685 1221 1738 at
1255 1675 1361 1738 ille
1400 1677 1651 1741 nocendi

238 1757 527 1836 Prodigus
562 1758 942 1838 incautusque
984 1761 1073 1822 sui
1115 1762 1228 1824 ruit
1265 1761 1481 1838 omnis,
1519 1770 1582 1822 et
1617 1759 1817 1822 ambas

241 1840 541 1905 Consumit
578 1843 704 1905 sine
747 1842 885 1922 lege
924 1863 1157 1922 manus,
1203 1854 1381 1926 atque
1417 1845 1585 1907 inrita
1625 1844 1841 1907 frendit

240 1928 554 2006 insurgens
595 1945 780 2007 seque
818 1930 946 2009 ipse
988 1930 1218 2009 premit.
1303 1929 1426 1993 Sed
1466 1929 1744 2010 providus
1787 1937 1914 1992 astu

240 2011 320 2073 Et
361 2011 545 2091 patria
586 2012 728 2090 vigil
770 2022 895 2074 arte
935 2013 1130 2078 Lacon
1165 2014 1278 2082 hos
1315 2016 1485 2076 reicit
1522 2015 1691 2092 ictus,
2127 2020 2233 2079 770

241 2095 370 2158 Hos
410 2105 604 2166 caven
648 2096 932 2160 interdum
966 2108 1114 2161 nutu-
1140 2100 1468 2179 capitisque
1513 2099 1669 2164 citati
2214 2119 2227 2128 “

238 2179 480 2260 Integer
522 2179 842 2260 obsequio,
884 2182 1144 2248 mnibus
1184 2202 1339 2246 nunc
1383 2183 1559 2246 obvia
1592 2182 1714 2245 tela

239 2265 610 2342 Discutiens‚
656 2265 828 2327 instat
867 2284 1077 2345 gressu
1113 2267 1391 2348 vultuque
1433 2267 1685 2338 recedit;
1730 2331 1735 2336 ,

243 2351 444 2430 Saepe
485 2350 658 2412 etiam
698 2351 920 2412 iniustis
962 2352 1236 2415 collatum
1273 2353 1493 2414 viribus
1527 2352 1781 2429 hostem,

243 2433 304 2496 Is
348 2435 521 2513 vigor
564 2435 829 2514 ingenio,
874 2445 1028 2499 tanta
1069 2439 1429 2517 experientia
1470 2436 1714 2499 dextrae
1757 2444 1872 2512 est,
2130 2442 2234 2499 ‘175

245 2518 417 2580 Ultro
460 2518 652 2580 audax
692 2520 893 2581 animis
926 2522 1212 2600 intratque
1257 2531 1320 2583 et
1355 2520 1659 2583 obumbrat
1700 2529 1761 2581 et
1801 2520 1922 2584 alte

246 2603 473 2665 Assilit.
532 2603 610 2665 Ut
652 2621 945 2684 praeceps
989 2605 1217 2667 cumulo
1257 2604 1391 2667 salit
1430 2606 1583 2667 unda
1620 2606 1903 2668 minantes

243 2685 312 2749 In
353 2687 636 2769 scopulos
675 2697 735 2749 et
775 2688 959 2752 fracta
1001 2689 1187 2767 redit,
1233 2691 1320 2752 sic
1364 2689 1467 2751 ille
1509 2688 1813 2751 furentem-

243 2769 468 2833 Circuit
511 2790 880 2853 expugnans3
929 2773 1087 2835 levat
1126 2792 1274 2835 ecce
1320 2773 1531 2855 diuque
1572 2775 1816 2837 minatur

241 2855 312 2918 In
351 2856 500 2920 latus
542 2858 717 2936 inque
759 2856 998 2927 oculos;
1042 2858 1202 2919 illum
1242 2857 1427 2936 rigida
1464 2877 1622 2923 arma
1662 2865 1967 2921 caventem
2133 2864 2261 2925 780.

242 2940 509 3018 Avocat‚
556 2949 618 3002 et
658 2939 918 3005 manibus
957 2944 1307 3022 necopinum
1347 2939 1642 3014 interserit
1680 2944 1856 3005 ictum
2075 2960 2086 2973 ·

246 3022 512 3087 Callidus
554 3043 626 3094 ac
658 3025 905 3088 mediam
947 3026 1212 3104 designat
1243 3027 1488 3089 vulnere
1530 3028 1800 3092 frontem.

368 3108 492 3170 lam
527 3127 734 3188 cruor,
783 3119 846 3172 et
884 3111 1082 3189 tepido
1127 3113 1426 3190 signantur
1456 3121 1724 3192 tempora
1759 3113 1909 3176 rivo.

243 3192 453 3256 Nescit
494 3193 680 3256 adhuc
724 3190 1033 3275 Capaneus
1072 3195 1437 3277 subitumque
1483 3216 1589 3277 per
1622 3197 1859 3275 agmina.
1886 3212 2135 3258 murmur
2228 3239 2237 3250 .

245 3277 514 3349 Miratu13
560 3297 761 3349 verum
807 3289 866 3341 ut
907 3279 1123 3344 fessam
1161 3299 1342 3361 super
1389 3298 1492 3343 ora
1530 3280 1763 3346 reduxit
2076 3303 2079 3312 ·
2135 3286 2238 3344 ‘185

245 3361 432 3423 Forte
466 3380 691 3425 manum
733 3373 794 3425 et
834 3382 1055 3430 summo
1096 3366 1353 3428 maculas
1390 3366 1449 3426 iu
1487 3366 1715 3429 vellere
1747 3356 1926 3441 vidit(

247 3445 384 3508 Non
424 3447 557 3526 leo,
600 3465 717 3510 non
758 3450 951 3514 iaculo
993 3459 1207 3524 tantum
1251 3451 1543 3529 indignata
1584 3456 1830 3529 recepto
