2517 3909
204 138 292 203 84
932 137 993 192 P.
1022 135 1314 191 'PAPINII
1351 135 1593 191 STATII

203 283 324 350 Oui
367 288 485 349 tua
528 306 664 349 non
707 281 971 348 humilis
1018 281 1194 347 dedit
1239 281 1645 367 indulgentia
1690 302 1922 347 mores.
2249 295 2350 348 150

205 374 399 439 Hunc
445 372 761 458 siquidem
807 371 1107 456 amplexu
1153 392 1409 455 semper
1451 373 1798 435 reuocante
1843 369 2111 435 tenebas

206 460 498 527 Blandus
546 466 611 527 et
655 460 927 544 imperio
972 482 1330 545 numquam
1374 462 1587 543 pater3
1630 459 1823 524 huius
1869 459 2105 525 honori

205 551 484 616 Pronior
527 551 668 636 ipse
715 549 914 616 etiam
959 549 1286 634 gaudebat
1331 549 1555 614 cedere
1600 548 1818 615 frater.

210 639 384 717 Quas
429 639 552 705 tibi
595 639 814 705 deuoti
859 639 1125 704 iuuenes
1169 660 1291 723 pro
1337 641 1521 723 patre
1564 641 1812 722 renato,

209 728 471 794 Summe
509 730 762 813 ducum,
800 730 1038 813 grates,
1077 731 1193 793 aut
1227 749 1393 812 quae
1427 728 1537 811 pia
1572 730 1730 793 uota
1764 726 2165 811 rependant?
2253 742 2353 792 155

209 817 309 882 Τ11
354 815 497 902 (seu
541 817 731 883 tarda
777 817 907 884 situ
952 817 1274 901 rebusque
1319 817 1633 881 exhausta
1678 820 1993 883 senectus.

206 905 475 972 Errauit
523 928 637 972 seu
681 905 927 971 blanda
972 906 1081 971 diu
1126 904 1419 971 Fortuna
1461 926 1830 991 regressum

207 993 471 1084 Maluit)
516 996 873 1061 attonitum
919 998 985 1059 et
1028 995 1290 1060 uenturi
1333 994 1625 1061 fulminis
1670 995 1836 1061 ictus

208 1083 605 1152 Horrentem
650 1084 900 1150 tonitru
945 1087 1203 1149 tantum
1245 1084 1503 1169 lenique
1548 1084 1836 1169 procella

207 1171 570 1240 Contentus
619 1173 950 1239 monuisse
997 1195 1240 1259 senem3
1288 1194 1561 1258 cumque
1607 1173 1871 1239 horrida
1919 1194 2116 1258 supra
2256 1188 2357 1237 160

210 1260 519 1348 Aequora
564 1285 865 1328 curarum
911 1264 1122 1328 socius
1168 1264 1396 1347 procul
1439 1262 1611 1327 Itala
1654 1284 1809 1327 rura

206 1351 579 1436 Linqueret,
623 1352 730 1417 hic
775 1352 1003 1416 molles
1050 1349 1368 1454 Campani
1410 1351 1620 1418 litoris
1667 1373 1817 1417 oras

206 1440 298 1505 Et
341 1439 731 1506 Diomedeas
778 1441 1126 1506 concedere
1171 1441 1386 1506 iussus
1430 1443 1501 1506 in
1548 1463 1728 1507 arces

206 1528 426 1615 Atque
470 1530 728 1614 hospes,
772 1551 907 1595 non
952 1530 1117 1613 exul,
1164 1533 1321 1595 erat.
1379 1551 1499 1595 nec
1542 1532 1731 1614 plura
1775 1532 2066 1596 moratus

206 1617 593 1684 Romuleum
638 1640 889 1684 reseras
935 1619 1190 1702 iterum,
1239 1616 1636 1704 Germanice,
1681 1620 1881 1684 limen
2255 1633 2357 1683 165

207 1705 736 1793 Maerentemque
780 1708 965 1773 foues
1010 1707 1482 1793 inclinatosque
1527 1712 1791 1792 penates

203 1794 443 1881 Erigis.
505 1797 668 1862 haut
711 1797 966 1882 mirum,
1012 1797 1241 1862 ductor
1285 1797 1741 1881 placidissime,
1787 1797 2045 1882 quando

206 1883 390 1950 Haec
435 1889 537 1951 est
582 1908 747 1972 quae
793 1886 982 1952 uictis
1026 1887 1365 1970 parcentia
1409 1886 1667 1951 foedera
1713 1884 1943 1972 Cattis,

208 1973 517 2061 Quaeque
567 1997 757 2039 suum
800 1973 997 2040 Dacis
1044 1975 1248 2040 donat
1294 1975 1636 2040 clementia
1680 1979 1990 2059 montem,

205 2063 385 2139 Quae
392 1999 617 2130 qmodo
652 2062 1103 2130 Marcomanos
1143 2067 1297 2148 post
1331 2062 1598 2129 horrida
1623 2064 1793 2129 bella
1821 2085 2156 2150 uagosque
2254 2080 2358 2130 170

204 2149 625 2218 Sauromatas
672 2151 864 2217 Latio
910 2174 1046 2219 non
1092 2156 1192 2217 est
1236 2152 1507 2238 dignata
1548 2153 1899 2239 triumpho.

203 2239 471 2326 Iamque
516 2242 587 2307 in
630 2241 758 2306 fine
803 2240 958 2325 dies,
1004 2244 1070 2306 et
1112 2241 1515 2307 inexorabile
1560 2264 1833 2326 pensum

203 2328 454 2396 Deficit.
527 2331 634 2396 hic
682 2330 915 2397 maesti
958 2330 1168 2413 pietas
1213 2351 1319 2395 me
1364 2330 1580 2413 poscit
1621 2330 1903 2416 Etrusci,

203 2416 439 2494 Qualia
480 2441 601 2485 nec
649 2417 904 2484 Siculae
950 2418 1366 2483 modulantur
1412 2418 1700 2484 earmina
1743 2442 1937 2505 rupes

200 2505 339 2573 Nec
383 2508 507 2574 fati
552 2509 685 2575 iam
730 2511 944 2572 certus
992 2508 1135 2572 olor
1173 2507 1487 2599 saeuique
1533 2508 1770 2575 marita
2253 2524 2355 2575 175

203 2594 461 2661 Tereos.
524 2597 654 2662 heu
700 2596 963 2682 quantis
1008 2581 1368 2662 lassantem
1411 2596 1680 2661 brachia
1724 2598 1860 2662 uidi

200 2683 580 2750 Planctibus
628 2689 694 2750 et
737 2707 948 2769 prono
1000 2684 1217 2750 fusum
1265 2707 1458 2770 super
1503 2686 1723 2751 oscula
1767 2687 1982 2751 uultu!

204 2771 337 2837 Uix
382 2774 611 2840 famuli
658 2774 1051 2859 comitesque
1095 2776 1340 2858 tenent,
1385 2774 1495 2838 uix
1542 2774 1778 2840 arduus
1824 2776 1997 2861 ignis

203 2860 602 2929 Summouet.
675 2864 838 2928 haut
883 2863 1072 2928 aliter
1117 2825 1366 2948 gemuit
1409 2884 1525 2948 per
1569 2864 1785 2948 patria
1829 2863 2117 2930 Theseus

343 3202 445 3253 155
482 3198 798 3268 rependunt
832 3203 879 3252 A
915 3204 951 3251 c
977 3200 997 3268 ΙΙ
1027 3204 1127 3255 157
1166 3197 1394 3253 Eri-abit
1420 3202 1467 3251 A
1496 3204 1547 3263 ο,
1577 3214 1715 3254 corr.
1747 3199 1911 3254 Dom
1940 3201 1960 3269 ΙΙ
1991 3205 2094 3255 159
2121 3201 2358 3272 lenique
2500 3263 2501 3268 χ

198 3273 271 3322 A:
310 3268 425 3323 leui
425 3286 533 3339 que
571 3275 607 3322 c
645 3271 666 3340 ΙΙ
714 3276 815 3326 164
850 3286 957 3326 nec
992 3271 1164 3341 longa
1202 3275 1238 3324 ς
1266 3272 1286 3339 ΙΙ
1317 3273 1419 3325 168
1457 3269 1599 3325 catis
1634 3274 1706 3324 A.
1755 3270 1937 3354 captis
1976 3277 2011 3323 c
2037 3275 2195 3341 {1174
2232 3290 2357 3330 mo
2500 3295 2501 3330 ι

199 3340 465 3396 derantur
500 3346 536 3393 c
572 3358 635 3411 a,
673 3358 809 3397 corr.
846 3342 1131 3398 Bentleius
1158 3345 1177 3412 Ι]
1209 3349 1310 3398 179
1353 3358 1454 3411 per
1488 3341 1674 3410 patria
1708 3341 1936 3411 scripsi:
1973 3342 2224 3411 periuria
2253 3351 2291 3398 c
2320 3364 2357 3399 a
2500 3333 2501 3402 l

195 3410 294 3482 pia
327 3412 525 3468 funera
559 3384 829 3469 Heinsius
2316 3452 2321 3466 ι
