2517 3909
310 93 435 156 204
978 108 1042 155 P.
1087 108 1354 156 mmm
1400 107 1631 157 sum

309 263 656 340 virginitate
699 264 867 325 vides
908 263 1154 324 mediam
1193 282 1261 323 se
1305 264 1465 324 ferre
1502 266 1759 325 virorum

313 346 636 407 Goetihns?
675 359 855 428 utque
901 351 1062 409 acies
1103 348 1327 423 audax,
1375 358 1434 409 et
1473 348 1679 410 Martia
1721 352 1889 427 signa

311 429 665 511 Temperet?
705 452 778 493 en
825 435 1000 493 etiam
1047 433 1223 493 donat
1266 431 1632 513 praebetque
1674 435 1971 494 necandos

311 516 422 577 Tot
459 526 657 576 nostra
705 519 780 579 de
821 527 998 595 gente
1040 519 1237 591 viros3
1281 518 1415 577 huic
1455 518 1663 578 tradita
1705 521 1910 593 virtus,

309 600 457 661 Huic
496 599 701 661 furor?
742 612 1011 680 agrestes
1053 611 1328 680 superest
1366 602 1470 663 tibi
1512 603 1698 679 ligere
1736 603 1978 664 damas!

311 685 561 745 Desiluit
603 688 768 747 iustis
812 696 1133 747 commotus
1176 689 1232 745 in
1273 706 1429 747 arma
1470 687 1730 765 querelis

309 770 707 849 Bellipotens,
754 774 846 830 cui
882 772 1009 833 sola
1055 788 1268 848 vagum
1309 789 1420 849 per
1457 774 1625 830 inane
1665 775 1856 832 ruenti

309 854 405 915 Ira
447 873 679 931 comeS,
714 857 928 935 reliqui
970 857 1175 916 sudant
1213 856 1288 916 ad
1326 855 1483 916 bella
1522 855 1797 915 Furores.

320 942 330 948 ‘
434 939 563 1000 Nec
603 956 801 1016 mora,
847 960 1017 1020 quum
1058 950 1340 1000 moestam
1382 942 1599 1000 monitu
1630 941 1867 1001 Latoida
1907 941 2053 1002 duro

311 1023 582 1104 Increpat
625 1026 938 1086 assistens:
990 1025 1159 1084 ‘Nou
1199 1025 1351 1085 haec
1389 1025 1493 1085 tibi
1534 1025 1762 1104 proelia
1802 1027 1997 1086 divum

311 1108 425 1168 Dat
460 1118 664 1189 pater,
710 1110 1038 1170 armiferum
1083 1112 1139 1168 ni
1179 1112 1441 1188 protinus
1484 1108 1731 1187 inproba
1768 1127 2035 1189 campum

313 1193 595 1271 Deseris,
642 1194 777 1254 huic
818 1214 1065 1273 aequam
1108 1212 1325 1254 nosces
1368 1213 1480 1252 nec
1523 1194 1757 1254 Pallada
1797 1194 2091 1255 dextrae?

315 1276 466 1350 Quid
504 1277 722 1338 faciat?
809 1279 1025 1341 Contra
1067 1281 1278 1357 premit
1312 1279 1447 1339 hinc
1487 1278 1772 1339 Mavortia
1814 1283 2038 1358 cuspis,

312 1361 461 1422 Hinc
502 1363 715 1442 plenae
757 1364 894 1438 tihi,
941 1382 1157 1441 parve,
1200 1363 1402 1439 colus,
1446 1363 1605 1423 Iovis
1645 1364 1780 1423 inde
1818 1368 2013 1424 severi

312 1446 553 1521 Vultus,
600 1445 717 1507 abit
759 1448 892 1507 solo
934 1457 1071 1526 post
1110 1448 1259 1507 haec
1298 1449 1527 1508 devicta
1564 1449 1809 1526 pudore.

436 1530 518 1591 At
555 1540 723 1609 pater
767 1531 1026 1609 Ogygias
1061 1532 1296 1592 Mavors
1335 1533 1727 1612 circumspicit
1768 1533 1890 1593 alas

311 1614 791 1694 Horrendumqne
828 1617 1084 1691 Dryanta
1126 1626 1357 1692 movet,
1403 1620 1494 1676 cui
1529 1618 1822 1693 sanguinis
1861 1627 2068 1677 auctor

314 1698 599 1759 Turbidus
644 1699 856 1776 Orion,
897 1703 1259 1779 comitesque
1302 1701 1502 1761 odisse
1543 1701 1764 1761 Dianae

312 1783 455 1844 Inde
496 1784 652 1844 furit.
736 1784 982 1845 Primum
1018 1785 1114 1845 hic
1155 1785 1418 1845 turbatos
1466 1787 1667 1864 arripit
1706 1804 1853 1845 ense

313 1867 576 1929 Arcadas
617 1881 990 1949 exarmatque
1024 1871 1265 1939 ducem:
1306 1869 1461 1930 cadit
1502 1871 1731 1947 agmine
1768 1871 1947 1947 longo

317 1952 594 2030 Cyllenes
637 1955 890 2033 populus
929 1953 1282 2032 Tegeesque
1322 1955 1614 2015 habitator
1656 1973 1902 2033 opacae,

314 2038 650 2117 Aepitiique
694 2039 877 2099 duces
916 2039 1142 2116 fugiunt
1181 2039 1520 2117 Pheneique
1560 2039 1901 2119 phalanges,

315 2123 510 2200 Ipsum
550 2134 740 2183 autem
785 2132 845 2182 et
881 2123 1042 2183 lassa
1081 2123 1204 2183 fidit
1246 2134 1627 2202 prosternere
1663 2124 1888 2193 dextra,

313 2206 444 2267 Nec
485 2218 685 2268 servat
721 2209 910 2267 vires:
952 2209 1165 2267 etenim
1199 2208 1313 2267 huc
1356 2211 1467 2267 iam
1506 2209 1700 2268 fessus
1742 2218 1801 2268 et
1834 2209 1974 2268 illuc

314 2291 569 2352 Mutabat
604 2302 845 2360 turmas:
889 2302 1100 2369 urgent
1140 2294 1451 2370 praesagia
1484 2294 1645 2353 mille

313 2375 592 2453 Funeris,
638 2387 698 2437 et
735 2379 936 2454 nigrae
969 2377 1333 2455 ‘praecedunt
1375 2378 1571 2438 nubila
1607 2378 1829 2437 mortis,

314 2459 554 2539 lamque
586 2463 766 2521 miser
799 2480 967 2522 raros
1009 2464 1252 2521 comites
1291 2480 1610 2541 verumque
1648 2461 1882 2521 videbat

314 2544 584 2621 Dorcea,
628 2548 740 2606 iam
781 2548 941 2607 vires
978 2547 1250 2625 paulatim
1294 2545 1622 2607 abscedere
1658 2547 1851 2621 sentit,

317 2631 504 2689 Sentit
545 2640 604 2690 et
646 2633 956 2691 exhaustas
998 2632 1239 2692 humero
1278 2631 1505 2691 leviore
1549 2632 1873 2710 pharetras.

314 2712 435 2774 Iam
473 2717 656 2774 minus
694 2725 867 2795 atque
909 2718 1094 2775 minus
1135 2716 1251 2776 fert
1290 2734 1447 2776 arma
1478 2734 1742 2794 puerque
1785 2714 2012 2773 videtur

315 2798 392 2859 Et
433 2798 577 2877 sibi,
620 2818 792 2879 quum
833 2809 1001 2860 torva
1041 2800 1221 2878 clipei
1262 2800 1605 2861 metuendus
1650 2799 1870 2860 obarsit

313 2882 469 2944 Luce
509 2883 732 2959 Dryas;
775 2894 993 2943 tremor
1032 2901 1135 2944 ora
1178 2902 1393 2963 repens
1437 2886 1509 2943 ac
1542 2886 1771 2943 viscera
1806 2883 1975 2942 torsit

313 2968 609 3036 Arcados;
655 2978 832 3046 utque
867 2969 979 3027 feri
1019 2978 1323 3029 vectorem
1360 2969 1611 3028 fulminis
1655 2967 1821 3028 albus

316 3052 504 3125 Quum
539 3071 716 3130 supra
760 3054 1026 3130 respexit
1060 3053 1226 3128 olor,
1274 3054 1432 3131 cupit
1473 3052 1707 3112 hiscere
1749 3055 1932 3130 ripam

316 3137 656 3211 Strymonos
699 3147 760 3197 et
795 3137 1053 3215 trepidas
1085 3140 1143 3196 in
1184 3147 1430 3216 pectora
1467 3137 1752 3197 contrahit
1792 3137 1945 3197 alas:

316 3221 417 3279 Sic
459 3222 728 3281 iuvenem
765 3223 928 3280 saevi
973 3232 1295 3300 conspecta
1334 3222 1491 3281 mole
1531 3221 1808 3296 Dryantis

313 3301 434 3362 Iam
475 3321 591 3363 non
630 3307 716 3364 ira
757 3305 944 3379 subit,
983 3306 1092 3365 sed
1128 3305 1239 3365 leti
1274 3308 1505 3365 nuntius
1544 3307 1775 3366 horror.

313 3385 493 3447 Arma
525 3397 747 3465 tamen,
788 3390 1004 3449 frustra
1046 3407 1298 3468 superos
1338 3389 1705 3468 Triviamque
1741 3399 2034 3470 precatus,
