2517 3909
829 132 1230 183 TnEnAmos
1275 132 1416 183 mn.
1455 134 1551 183 11.
2072 120 2189 186 199

181 290 461 370 Adspicit
495 298 553 351 et
593 289 801 350 niveae
843 306 1046 351 saxum
1079 288 1372 351 maduisse
1409 290 1651 352 Dianae.

319 375 485 437 Illam
528 374 659 435 diva
700 373 874 435 ferox
918 375 1225 435 etiamnum
1267 376 1326 435 in
1370 375 1562 437 limine
1605 393 1776 437 sacro

178 461 531 541 Expositum
576 468 634 520 et
675 459 904 537 gelidas
945 468 1281 520 verrentem
1325 459 1576 520 crinibus
1616 476 1748 521 aras

177 546 447 626 Linquit,
497 554 555 605 et
595 545 654 604 in
690 544 895 605 mediis
936 543 1304 605 frondentem
1341 543 1648 605 Maenalon
1688 545 1858 606 astris

182 630 492 709 Exuperat
528 644 742 707 gressu
783 628 1108 708 saltumque
1152 629 1225 689 ad
1262 630 1490 690 moenia
1536 628 1736 690 Cadmi
2084 639 2189 693 640

183 715 484 791 Destinat,
532 715 773 774 interior
816 714 971 774 coeli
1013 731 1127 792 qua
1173 715 1375 774 semita
1414 714 1573 774 lucet

184 800 299 860 Dis
336 808 550 860 tantum
593 807 653 858 et
697 807 932 858 cunctas
977 799 1134 858 iuxta
1172 799 1335 858 videt
1374 799 1550 859 ardua
1586 808 1795 859 terraS.

181 885 424 963 Iamque
466 883 595 943 fere
632 883 879 943 medium
922 882 1188 943 Parnassi
1227 883 1472 944 frondea
1515 892 1753 963 praeter

186 967 363 1029 Colla
403 966 641 1028 tenebat
680 968 821 1043 iter,
868 982 1040 1047 quum
1082 967 1323 1028 fratrem
1365 969 1424 1027 in
1464 967 1616 1028 nube
1664 980 1912 1028 corusca

182 1053 456 1131 Adspicit
492 1052 642 1112 haud
680 1052 911 1112 solitum
949 1053 1097 1112 visu.
1182 1050 1508 1114 Remeabat
1545 1051 1618 1113 ab
1657 1052 1828 1112 armis
2084 1058 2186 1115 645

184 1138 453 1199 Moestus
493 1135 822 1213 Echioniis,
866 1136 1119 1197 demersi
1160 1137 1366 1198 funera
1406 1137 1613 1215 lugens

182 1223 463 1300 Auguris.
549 1220 806 1282 Inrubuit
851 1221 1005 1281 coeli
1047 1221 1222 1300 plaga
1271 1222 1467 1282 sidere
1511 1223 1712 1296 mixto,

186 1307 573 1385 Occursuque
612 1322 782 1366 sacro
825 1306 1044 1385 pariter
1083 1305 1248 1366 iubar
1294 1306 1434 1367 arsit
1471 1307 1779 1384 utrimque,

185 1391 267 1452 Et
305 1393 504 1452 coiere
548 1409 753 1466 arcus,
804 1400 863 1452 et
907 1389 1270 1469 respondere
1317 1392 1650 1471 pharetrae.

186 1477 301 1538 Ille
345 1478 536 1555 prior:
575 1476 753 1536 ‘Scio
796 1474 1191 1551 Labdacidas,
1235 1490 1549 1553 germana,
1589 1474 1887 1550 cohorteS,
2082 1481 2187 1535 650

186 1561 269 1622 Et
309 1562 539 1620 nimium
582 1559 768 1620 fortes
811 1578 1009 1619 ausum
1053 1560 1205 1638 petis
1247 1560 1482 1620 Arcada
1528 1576 1771 1639 pugnas.

184 1644 335 1706 Fida
374 1655 546 1723 rogat
587 1646 887 1723 genetrix3
932 1645 1144 1704 utinam
1190 1645 1498 1722 indulgere
1539 1642 1799 1724 precanti

187 1730 334 1791 Fata
376 1729 609 1790 darent!
650 1746 725 1789 en
766 1731 896 1808 ipse
939 1729 1086 1804 mei,
1132 1729 1342 1808 pudet!
1379 1730 1577 1789 inritus
1620 1744 1779 1790 arma

190 1814 450 1876 Cultoris
489 1812 849 1893 frondesque
893 1830 1093 1874 sacras
1137 1813 1209 1874 ad
1243 1814 1431 1874 inania
1471 1813 1588 1874 vidi

189 1899 433 1960 Tartara
478 1907 536 1959 et
580 1900 638 1959 in
680 1906 893 1958 memet
935 1915 1145 1959 versos
1191 1898 1554 1959 descendere
1595 1897 1815 1966 vultus;
2085 1903 2186 1957 655

185 1983 321 2045 Nec
360 1985 515 2044 tenui
562 2002 765 2044 currus
800 1992 1112 2062 terraeque
1155 1981 1296 2044 abru
1343 1992 1399 2043 ta
1443 1982 1638 2060 coegi,

188 2070 417 2130 Saevus
462 2086 576 2147 ego
619 2069 1034 2147 inmeritusque
1077 2068 1215 2129 coli.
1295 2002 1577 2145 {agentia
1621 2067 1814 2127 cernis

187 2154 406 2230 Antra,
456 2170 661 2230 soror,
706 2161 1007 2231 mutasque
1050 2152 1285 2223 domos;
1330 2152 1478 2213 haec
1516 2152 1644 2213 sola
1682 2149 1945 2232 rependo

190 2239 365 2299 Dona
399 2241 498 2317 pio
544 2239 765 2306 comiti3
809 2254 923 2297 nec
965 2245 1025 2298 tu
1062 2239 1321 2317 peritura
1362 2254 1603 2299 movere

190 2322 461 2400 Auxilia,
508 2331 568 2384 et
608 2330 869 2383 moestos
909 2323 966 2381 in
1006 2338 1215 2383 vanum
1256 2341 1444 2402 perge
1481 2321 1738 2383 labores.
2083 2327 2190 2384 660

190 2405 352 2468 Finis
396 2408 561 2468 adest
595 2407 819 2481 iuveni,
863 2423 981 2467 non
1023 2406 1139 2467 hoc
1181 2406 1457 2469 mutabile
1501 2407 1699 2483 iatum,

192 2491 326 2552 Nec
361 2500 422 2552 te
459 2511 608 2553 nunc
652 2491 839 2553 dubiis
883 2491 1136 2553 fraterna
1173 2491 1410 2552 oracula
1449 2491 1672 2551 fallunt.

190 2576 273 2637 At
308 2577 487 2637 decus
527 2586 844 2637 extremum
885 2577 1102 2637 misero
1142 2576 1386 2638 confusa
1430 2576 1690 2636 vicissim

189 2661 378 2740 Virgo
414 2662 629 2738 refert,
679 2661 974 2739 duraeque
1020 2661 1160 2722 licet
1196 2661 1406 2721 solatia
1449 2661 1620 2720 morti

191 2744 532 2823 Quaerere,
577 2764 689 2806 nec
726 2745 912 2824 fugiet
953 2763 1208 2825 poenas,
1259 2747 1608 2825 quicumque
1649 2742 1953 2806 nefandam
2085 2750 2190 2805 665

189 2830 443 2891 Insontis
489 2831 655 2910 pueri
699 2831 1008 2892 scelerarit
1051 2832 1330 2908 sanguine
1373 2820 1655 2891 dextram'

188 2914 423 2993 Inpius,
471 2923 530 2976 et
573 2915 786 2974 nostris
829 2915 918 2975 fas
960 2915 1033 2976 sit
1069 2916 1302 2975 saevire
1344 2915 1613 2993 sagittis.'

190 3000 295 3060 Sic
339 2998 514 3061 effata
556 3008 754 3059 movet
789 3017 1031 3076 gressus
1074 2998 1421 3077 libandaque
1463 2998 1626 3059 fratri

191 3083 434 3144 Parcius
478 3102 582 3144 ora
623 3084 751 3144 tulit
793 3083 1144 3163 Thebasque
1185 3082 1397 3143 infesta
1442 3085 1668 3162 petivit.

323 3168 401 3228 At
442 3186 637 3248 pugna
679 3170 898 3249 ereptis
940 3169 1124 3229 maior
1166 3167 1460 3229 crudescit
1496 3169 1780 3245 utrimque
2084 3173 2191 3230 670

192 3251 493 3331 Regibus,
539 3253 915 3332 alternosque
956 3253 1072 3313 ciet
1111 3252 1364 3314 vindicta
1400 3253 1653 3312 furores.

190 3336 470 3417 Hypseos
503 3337 636 3398 hinc
669 3347 892 3399 turmae
934 3337 1375 3417 desolatumque
1411 3338 1688 3414 magistro

194 3421 460 3500 Agmen,
500 3430 558 3483 at
601 3422 734 3483 hinc
773 3421 1010 3501 gravius
1054 3423 1248 3484 fremit
1286 3420 1768 3502 Hippomedontis
1813 3418 2065 3498 adempti
