2517 3909
345 148 471 212 256
961 194 968 203 .
1019 161 1084 209 P.
1127 161 1395 210 mrum
1436 162 1669 212 sum
2438 0 2448 391 ι

343 318 536 393 Dixit,
579 325 642 378 et
682 317 989 397 abreptum
1026 319 1274 379 comites
1308 321 1370 378 in
1408 327 1567 379 tecta
1608 318 1896 381 ferebant.

471 402 716 464 Flebilis
749 404 972 464 interea
1005 405 1208 463 vacuis
1242 405 1545 463 comitatus
1587 404 1662 464 ab
1699 405 1900 482 Argis,
2240 418 2341 472 ωε

343 486 522 549 Fama
561 487 736 548 trahit
780 488 1058 564 miseras,
1103 487 1288 548 orbae
1326 489 1657 567 viduaeque
1697 491 1943 551 ruebant

339 572 648 634 Inachides
691 590 802 633 ceu
847 581 1019 651 capta
1054 591 1286 643 manus;
1329 591 1436 633 sua
1474 573 1717 634 vulnera
1754 577 1986 655 cuique,

339 656 455 718 Par
497 657 727 718 babitus
770 659 1027 733 cunctis,
1071 658 1288 718 deiecti
1330 660 1387 717 in
1430 666 1677 737 pectora
1716 660 1911 720 crines

340 742 728 822 Accinctique
772 743 960 810 sinus:
1000 750 1230 802 manant
1272 742 1473 803 lacera
1513 760 1617 801 ora
1659 746 1910 804 cruentis

341 825 646 905 Unguibus
663 873 682 904 ‚
728 836 791 888 et
828 826 1042 887 molles
1083 827 1321 905 planctu
1364 845 1612 887 crevere
1654 827 1881 889 lacerti.
2241 844 2351 897 110

469 911 655 972 Prima
696 930 806 991 per
847 914 1119 972 attonitas
1159 914 1365 990 nigrae
1403 914 1607 990 regina
1646 921 1921 973 catervae

341 995 628 1057 Tristibus
669 996 935 1057 inlabens
979 996 1207 1058 famulis
1242 999 1569 1075 iterumque
1610 1014 1929 1076 resurgens

339 1080 586 1155 Quaerit
623 1083 794 1160 inops
830 1082 1014 1160 Argia
1055 1082 1211 1150 vias3
1255 1098 1374 1140 non
1414 1082 1578 1158 regia
1623 1082 1805 1159 cordi,

337 1164 472 1226 Non
515 1175 714 1246 pater,
759 1185 872 1227 una
913 1165 1094 1242 fides,
1139 1184 1313 1226 unum
1347 1164 1643 1241 Polynicis
1683 1169 1852 1227 amati

335 1248 566 1312 Nomen
601 1253 661 1311 in
704 1269 810 1312 ore
851 1251 1040 1312 sedet.
1122 1250 1344 1311 Dircen
1374 1251 1739 1330 infaustaque
1778 1248 1976 1313 Cadmi
2238 1266 2351 1318 115

334 1331 568 1397 Moenia
608 1335 956 1416 posthabitis
997 1335 1143 1396 velit
1182 1335 1500 1396 incoluisse
1542 1335 1822 1411 Mycenis.

465 1421 732 1482 Proxima
772 1420 1034 1481 Lernaeo
1080 1419 1474 1496 Calydonidas
1511 1421 1738 1497 agmine
1776 1424 1982 1482 mixtas

335 1504 572 1581 Tydeos
619 1506 900 1583 exequias
942 1505 1115 1565 trahit
1154 1505 1306 1565 baud
1350 1523 1590 1566 cessura
1631 1507 1822 1565 sorori

332 1588 619 1669 Deipyle;
663 1589 859 1650 scelus
899 1589 1002 1651 illa
1045 1591 1283 1668 quidem
1323 1606 1670 1667 morsusque
1710 1591 1991 1668 profanos

332 1674 615 1735 Audierat
648 1675 973 1735 miseranda
1011 1676 1152 1752 viri,
1199 1674 1307 1734 sed
1350 1683 1558 1735 cuncta
1598 1676 1810 1734 iacenti
2236 1691 2352 1745 120

333 1758 548 1820 Infelix
588 1761 841 1837 ignoscit
887 1777 1067 1820 amor.
1155 1759 1296 1820 Post
1337 1777 1550 1839 aspera
1590 1759 1721 1817 visu

331 1843 425 1904 Ad
468 1843 738 1905 deflenda
779 1854 972 1905 tamen
1008 1845 1183 1922 digno
1229 1845 1513 1922 plangore
1554 1842 1779 1903 Nealce

330 1926 799 2008 Hippomedonta
844 1931 1034 1999 ciens;
1076 1931 1224 1989 vatis
1265 1946 1403 1989 mox
1442 1929 1599 2007 inpia
1641 1928 1851 1987 coniux

330 2011 461 2074 Heu
496 2031 715 2074 vacuos
753 2015 1012 2093 positura
1053 2030 1273 2091 rogos,
1319 2021 1614 2093 postrema
1650 2022 1976 2089 gementum

330 2096 577 2176 Agmina
611 2098 934 2159 Maenaliae
978 2099 1132 2158 ducit
1179 2115 1381 2158 comes
1409 2098 1552 2158 orba
1589 2096 1810 2156 Dianae
2233 2113 2344 2166 125
2446 2112 2447 2117 ¹

331 2180 407 2243 Et
446 2185 643 2261 gravis
688 2182 956 2254 Evadne;
1000 2182 1164 2243 dolet
1198 2182 1350 2243 baec
1393 2184 1769 2262 queriturque
1809 2181 2048 2243 labores

328 2267 588 2328 Audacis
630 2270 831 2347 pueri;
872 2269 1065 2344 magni
1102 2284 1325 2327 memor
1367 2268 1468 2329 illa
1502 2268 1688 2327 mariti

329 2352 382 2413 lt
423 2361 649 2412 torvum
691 2352 997 2413 lacrimans
1041 2353 1391 2431 summisque
1432 2353 1702 2413 irascitur
1742 2351 1931 2410 astris.

328 2436 469 2498 Illas
509 2445 568 2497 et
610 2438 758 2498 lucis
794 2436 1018 2498 Hecate
1056 2436 1358 2516 speculata
1398 2436 1646 2513 Lycaeis
2446 2482 2447 2493 2

327 2521 707 2600 Prosequitur
753 2523 1004 2599 gemitu,
1046 2522 1383 2601 duplexque
1421 2523 1492 2582 ad
1528 2521 1662 2581 litus
1709 2528 1913 2579 euntes
2222 2531 2342 2585 130
2446 2540 2447 2573 ;

326 2605 553 2666 Planxit
589 2605 661 2666 ab
700 2606 1007 2666 Isthmiaco
1050 2608 1323 2684 genetrix
1364 2605 1639 2666 Thebana
1683 2604 1989 2683 sepulcrm

328 2688 831 2771 Noctivagumque
878 2709 1154 2769 gregem,
1202 2692 1463 2771 quamvis
1507 2690 1619 2750 sibi
1662 2689 1856 2766 luget,
1902 2687 2145 2749 Eleusin

327 2772 518 2835 Flevit
565 2784 625 2835 et
664 2792 913 2836 arcanos
957 2774 1284 2837 errantibus
1327 2776 1533 2836 extulit
1570 2776 1762 2853 ignes.

324 2860 460 2938 Ipsa
502 2878 610 2938 per
653 2877 895 2921 aversos
934 2860 1091 2921 ducit
1133 2861 1398 2921 Saturnia
1443 2859 1632 2921 colles

328 2943 713 3024 Occultatque
755 2946 912 3020 vias,
953 2963 1027 3005 ne
1073 2944 1246 3024 plebs
1293 2962 1613 3022 congressa
1656 2959 1890 3003 suorum
2222 2955 2353 3010 135

324 3023 419 3089 Ire
460 3037 623 3089 vetet
666 3039 988 3108 pereatque
1033 3030 1282 3107 ingentis
1324 3029 1513 3108 gloria
1553 3030 1769 3107 coepti.

321 3112 451 3174 Nec
493 3130 608 3173 non
650 3114 846 3174 functa
890 3115 1096 3174 ducum
1131 3115 1441 3176 refovendi
1486 3131 1737 3192 corpora
1779 3131 1970 3174 curam

320 3196 430 3257 Iris
475 3196 682 3273 habet,
728 3207 1046 3278 putresque
1090 3200 1317 3259 arcanis
1356 3199 1588 3258 roribus
1629 3206 1788 3258 artus

318 3279 785 3360 Ambrosiaeque
824 3283 975 3359 rigat
1023 3284 1247 3358 succis,
1293 3293 1356 3344 ut
1397 3284 1626 3361 longius
1665 3282 1902 3344 obstent

321 3361 769 3444 Expectentque
809 3383 1026 3443 rogos,
1077 3366 1334 3426 flammas
1376 3387 1527 3428 neve
1570 3376 1705 3428 ante
1747 3368 2036 3430 fatiscant.
2223 3379 2359 3436 140

321 3445 630 3523 Squalidus
672 3467 816 3511 ecce
858 3467 1041 3528 genas
1086 3459 1145 3511 et
1178 3449 1356 3515 hianti
1394 3452 1638 3515 vulnere
1669 3453 1900 3534 pallens
