2517 3909
194 147 283 211 24
929 146 994 201 P.
1032 147 1311 202 PAPINII
1349 148 1594 203 STATII

193 294 320 361 Hic
366 277 686 380 premitur
728 293 1007 359 fecunda
1052 295 1234 378 quies
1281 294 1622 379 uirtusque
1669 316 1895 360 serena

192 383 440 450 Fronte
486 384 712 470 grauis
760 404 1081 467 sanusque
1120 384 1300 448 nitor
1345 385 1625 467 luxuque
1673 386 1974 448 carentes

192 473 498 556 Deliciae,
546 494 706 557 quas
752 474 895 556 ipse
942 471 1079 536 suis
1124 472 1469 556 degressus
1514 470 1826 536 Athenis

190 562 422 627 Mallet
465 563 721 628 deserto
770 562 984 625 senior
1030 559 1410 646 Gargettius
1454 561 1687 645 hort033

190 650 371 716 Haec
419 673 535 735 per
582 654 649 716 et
690 649 947 735 Aegeas
992 649 1240 715 hiemes
1285 649 1718 734 Hyadumque
1763 650 2065 716 nitrosum
2272 666 2344 715 95

193 738 383 805 Sidus
433 743 499 804 et
545 738 793 804 Oleniis
841 738 1112 823 dignum
1136 739 1432 823 -petiisse
1476 740 1610 803 sub
1644 740 1837 804 astris
1848 791 1874 825 ‚A

192 829 405 905 Quam
450 828 702 893 Maleae
749 827 1069 892 credenda
1110 828 1276 892 ratis
1317 826 1700 912 ¹Siculosque
1744 849 1861 912 per
1906 831 2123 895 aestus

193 916 293 983 Sit
339 918 477 983 uia:
525 940 638 982 cur
685 917 890 983 oculis
938 916 1160 982 sordet
1202 918 1420 983 uicina
1463 917 1811 1001 uoluptas?

188 1006 313 1072 Hic
357 1011 472 1071 tua
517 1006 823 1071 Tiburtes
867 1004 1127 1071 Faunos
1172 1006 1398 1089 chelys
1446 1010 1516 1071 et
1551 1007 1744 1071 iuuat
1781 1006 1999 1090 ipsum

188 1096 465 1161 Alciden
509 1095 879 1180 dictumque
925 1096 1072 1196 lyra
1115 1095 1363 1161 maiore
1405 1092 1733 1174 Catillum,
1915 1135 1924 1140 -
2124 1097 2130 1102 ’
2231 1109 2341 1161 100

191 1182 321 1249 Seu
367 1185 491 1249 tibi
535 1183 899 1249 Pindaricis
949 1184 1204 1249 animus
1251 1184 1642 1249 contendere
1682 1184 1948 1268 plectris

190 1271 348 1337 Siue
398 1274 637 1357 chelyn
679 1273 875 1338 tollas
920 1274 1131 1338 heroa
1168 1273 1252 1337 ad
1297 1273 1540 1338 robora
1579 1273 1720 1337 siue
1809 1315 1814 1324 ·

186 1360 533 1426 Liuentem·
580 1363 851 1427 satiram
893 1363 1088 1447 nigra
1132 1362 1436 1447 rubigine
1479 1361 1700 1427 uibres

194 1449 321 1515 Seu
366 1454 482 1515 tua
527 1471 661 1515 non
707 1450 836 1515 alia
882 1449 1291 1535 splendescat
1334 1450 1614 1533 epistola
1659 1472 1829 1515 cura.

191 1538 410 1624 Digne
456 1539 671 1606 Midae
719 1537 1070 1624 Croesique
1117 1539 1310 1604 bonis
1354 1542 1421 1602 et
1466 1538 1732 1604 Perside
1779 1559 1958 1624 gaza,
2235 1556 2347 1604 105

186 1626 406 1693 Macte
450 1629 641 1694 bonis
690 1628 921 1693 animi!
968 1627 1151 1693 cuius
1199 1628 1579 1711 stagnanfia
1623 1649 1777 1692 rura

185 1716 432 1783 Debuit
479 1720 545 1781 et
588 1716 779 1781 flauis
825 1716 1106 1781 Hermus
1152 1719 1595 1782 transcurrere
1638 1717 1797 1800 ripis

184 1805 276 1870 Et
319 1808 477 1871 limo
528 1805 906 1889 splendente
953 1805 1190 1890 Tagus
1266 1805 1359 1870 sic
1406 1804 1598 1870 docta
1639 1805 2007 1940 frequentes

189 1894 362 1979 Otia,
410 1895 504 1960 sic
550 1895 731 1959 omni
776 1894 1067 1959 detersus
1113 1897 1381 1977 pectora
1423 1895 1595 1959 nube
2077 1950 2082 1954 ,

80 2053 87 2062 ,
189 1982 421 2049 Finem
463 1982 828 2052 Nestoreae
873 2005 1104 2067 precor
1148 1982 1483 2068 egrediare
1528 1986 1844 2102 senectae
2240 1999 2352 2048 110

1144 2213 1151 2220 ,
1200 2159 1317 2225 IV.

774 2280 1088 2337 SOTERIA
1124 2281 1403 2337 RUTILII
1439 2277 1747 2336 GALLIOI.

188 2389 399 2472 Esus,
446 2390 537 2474 io,
586 2387 827 2475 superi,
872 2413 993 2456 1166
1040 2390 1434 2458 inexorabile
1484 2385 1719 2454 Clotho

190 2476 420 2543 Uoluit
467 2500 648 2563 opuS‚
694 2477 871 2544 uidet
917 2479 1090 2546 alma
1134 2479 1279 2563 pios
1324 2478 1601 2544 Astraea
1647 2476 1919 2562 Iouique

190 2565 541 2632 Conciliat!
588 2569 757 2633 uiuit
803 2563 1223 2653 dubitataque
1272 2566 1483 2632 sidera
1527 2567 1730 2660 cernit

328 2856 394 2904 92
433 2850 588 2905 nitor
627 2855 690 2905 ςε
740 2850 962 2920 genitor
1000 2855 1036 2900 0
1070 2848 1240 2901 decor
1270 2850 1306 2899 ς
1345 2847 1433 2914 611
1468 2852 1536 2900 93
1575 2846 1857 2915 digressus
1894 2853 1930 2899 0
1963 2865 2016 2917 a,
2064 2853 2287 2905 correxi
2323 2853 2345 2924 Η

183 2927 252 2974 94
288 2920 612 2992 gai-geticus
653 2922 778 2977 orto
806 2927 842 2972 0
877 2917 1169 3001 gau-getius
1194 2921 1243 2969 A
1276 2918 1297 2983 n
1333 2921 1401 2970 95
1438 2916 1816 2999 Hyadumque
1839 2890 2137 2974 Heo’msuoe:
2191 2922 2343 2994 plia-

181 2992 430 3061 dumque
466 2997 502 3044 0
540 3011 574 3045 a
609 2994 633 3061 ΙΙ
679 2998 748 3047 97
786 2991 987 3057 Quam
994 2989 1224 3070 scripsi.-
1262 2986 1342 3041 Si
1361 2992 1396 3038 0
1431 3005 1491 3052 ας
1537 2989 1614 3041 in
1637 2989 1925 3043 emmtiato
1961 2991 2158 3057 priore
2205 3008 2345 3062 eup-

173 3064 331 3130 pleas
364 3063 556 3134 potius
582 3065 602 3132 ΙΙ
631 3069 733 3118 102
773 3062 943 3117 tollas
969 3065 1041 3114 A·
1078 3058 1236 3115 tollis
1272 3064 1308 3109 0
1343 3059 1396 3126 ss
1390 3063 1504 3112 103
1531 3058 1717 3113 uibres
1754 3058 2102 3115 Scriweriwe:
2136 3062 2344 3119 turbes

179 3140 213 3186 0
251 3153 284 3186 a
319 3137 452 3205 turp
457 3152 515 3189 es
553 3134 856 3189 &martius
881 3134 901 3202 ΙΙ
930 3137 1033 3185 104
1068 3147 1182 3187 non
1227 3129 1349 3183 alta
1382 3128 1830 3198 Dndmbroyius
1861 3130 1885 3199 11
1926 3134 2029 3185 109
2067 3132 2347 3190 detersus

177 3154 472 3262 Heinsius.-
515 3205 773 3259 detectus
810 3210 846 3255 0
882 3221 916 3255 a

327 3276 424 3334 IV.
508 3278 576 3330 in
620 3276 784 3329 titulo
828 3271 1108 3327 RUTILII
1156 3275 1227 3324 A.
1275 3230 1453 3324 rutuli
1489 3275 1526 3321 0
1563 3271 1590 3339 η
1630 3276 1666 3323 3
1702 3268 1982 3325 Conciliat
2015 3272 2167 3328 uiuit
2201 3274 2341 3332 Nic.

177 3348 452 3430 Hopfius:
500 3346 818 3401 conciliata.
854 3342 1008 3399 cadit
1043 3349 1079 3394 0
1116 3360 1150 3394 a
1188 3340 1500 3397 Conciliata
1544 3340 1694 3395 redit
1707 3339 1992 3396 Barthius
2038 3343 2346 3466 Conciliat.

176 3418 354 3474 credit
388 3418 835 3473 Hemsterhusius
