2517 3909
178 180 261 246 86
904 183 964 239 Ρ.
1003 183 1283 238 PAPINII
1321 182 1562 237 STATII

178 326 446 413 Semper
492 327 777 394 odoratis
825 327 1168 412 spirabunt
1214 327 1481 395 floribus
1531 349 1700 412 arae,

178 416 446 502 Semper
492 420 557 482 et
601 417 914 502 Assyrios
960 416 1115 482 felix
1160 417 1342 483 bibet
1385 440 1548 482 urna
1593 417 1876 502 liquores

176 505 267 570 Et
311 506 634 591 lacrimae,
679 507 788 592 qui
833 506 1041 571 maior
1085 506 1315 571 honos,
1377 506 1485 572 hic
1534 528 1723 572 sacra
1765 506 1984 571 litabit

176 593 481 660 Manibus
530 615 689 681 eque
737 598 848 660 tua
891 596 1217 663 tumulum
1261 596 1493 660 tellure
1539 594 1804 661 leuabit.

176 680 424 750 Nostra
470 707 722 770 quoque
769 685 1065 768 exemplo
1102 686 1372 750 meritus
1409 684 1532 750 tibi
1569 684 1855 750 carmina
1892 685 2125 772 sanxit,

175 771 322 840 Hoc
368 774 566 839 etiam
612 773 898 860 gaudens
948 773 1230 839 cinerem
1277 773 1553 840 donasse
1601 774 1912 858 sepulcro.

1187 968 1304 1034 IV.

824 1107 1112 1164 cAP1LL1
1147 1108 1369 1163 FLAUI
1403 1107 1679 1164 EARINI.

174 1218 291 1303 Ite,
337 1240 578 1303 comae,
623 1218 1008 1303 facilemque
1052 1239 1283 1303 precor
1327 1219 1749 1283 transcurrite
1795 1222 2090 1303 pontum,

173 1306 271 1371 Ite
318 1311 626 1373 coronato
672 1307 1056 1373 recubantes
1103 1307 1388 1372 molliter
1436 1329 1623 1392 auro;

175 1395 295 1480 Ite,
340 1395 522 1460 dabit
567 1418 791 1461 cursus
835 1396 1015 1461 mitis
1063 1393 1386 1480 Cytherea
1432 1396 1747 1461 secundos

173 1484 595 1571 Placabitque
637 1487 854 1570 notoS‚
897 1485 1034 1550 fors
1081 1489 1146 1550 et
1189 1485 1270 1550 de
1315 1506 1533 1570 puppe
1577 1485 1867 1550 timenda
2056 1539 2063 1542 .

172 1573 551 1638 Transferet
593 1574 791 1659 inque
837 1596 955 1639 sua
1000 1573 1191 1640 ducet
1237 1595 1434 1656 super
1479 1596 1762 1660 aequora
1806 1575 2069 1640 concha.

173 1661 414 1746 Accipe
459 1663 781 1747 laudatOS‚
826 1663 1077 1729 iuuenis
1125 1662 1466 1748 Phoebeie,
1513 1664 1747 1748 crineS,

175 1750 352 1828 Quos
398 1751 521 1817 tibi
567 1750 919 1818 Caesareus
966 1752 1168 1818 donat
1213 1774 1393 1837 puer,
1440 1752 1656 1837 accipe
1700 1753 1907 1818 laetus

173 1838 575 1926 Intonsoque
623 1842 889 1907 ostende
934 1842 1125 1927 patri.
1191 1843 1331 1906 sine
1378 1842 1564 1907 dulce
1609 1841 1890 1907 nitentes

174 1927 525 2015 Comparet
570 1933 763 2015 atque
810 1931 920 1996 diu
965 1930 1186 1996 fratris
1231 1934 1421 2016 putet
1464 1952 1604 1996 esse
1648 1929 1866 2015 Lyaei.

175 2018 428 2086 Forsan
473 2024 539 2086 et
583 2021 724 2104 ipse
771 2042 993 2086 comae
1038 2041 1395 2104 numquam
1439 2020 1717 2090 labentis
1763 2020 2079 2086 honorem

172 2106 541 2175 Praemetet
587 2114 782 2195 atque
830 2109 959 2174 alio
1007 2109 1256 2174 clusum
1305 2108 1429 2173 tibi
1473 2112 1676 2193 ponet
1721 2109 1790 2173 in
1819 2130 2011 2175 auro.

170 2195 506 2284 Pergame,
551 2198 832 2283 pinifera
876 2198 1156 2263 multum
1202 2197 1454 2264 felicior
1495 2196 1640 2262 Ida!

171 2285 300 2352 Illa
344 2286 498 2353 licet
543 2309 762 2353 sacrae
808 2287 1066 2372 placeat
1112 2286 1237 2351 sibi
1280 2285 1453 2351 nube
1498 2287 1766 2371 rapinae

169 2372 371 2530 iffi?
372 2375 579 2530 {2125
580 2377 976 2553 ᾶξέεὲξῇξῖἓ
1019 2375 2071 2552 fflffimqffissffldsseffii’fi‘

170 2553 264 2618 At
308 2557 384 2618 tu
429 2557 618 2639 grata
663 2555 800 2621 deis
846 2555 1241 2640 pulchroque
1288 2553 1562 2640 insignis
1611 2554 1871 2620 alumno

171 2640 415 2709 Misisti
459 2641 666 2727 Latio,
711 2643 966 2728 placida
1011 2666 1201 2728 quem
1248 2643 1464 2708 fronte
1510 2642 1880 2708 ministrum

169 2729 418 2814 Iupiter
464 2729 793 2797 Ausonius
838 2732 1085 2817 pariter
1126 2731 1553 2817 Romanaque
1598 2730 1763 2799 Iuno

175 2818 521 2903 Aspiciunt
565 2823 630 2885 et
674 2824 946 2906 uterque
991 2820 1288 2906 probant.
1354 2842 1472 2885 nec
1518 2823 1703 2885 tanta
1747 2821 2001 2905 potenti

175 2906 521 2974 Terrarum
568 2910 827 2976 domino
874 2911 1098 2976 diuum
1145 2910 1286 2975 sine
1332 2912 1549 2975 mente
1596 2910 1925 2995 uoluptas.

2217 702 2321 752 215

2291 1593 2324 1642 5

2258 2040 2324 2088 10

2256 2484 2323 2533 15

2249 2928 2325 2977 20

311 3178 416 3229 214
453 3191 595 3245 eque
640 3178 687 3228 Δ
724 3180 789 3229 0:
836 3176 1010 3245 atque
1058 3179 1094 3229 ς
1132 3173 1301 3243 inque
1342 3175 1552 3231 Markl.
1590 3176 1611 3245 ΙΙ
1652 3180 1757 3229 215
1793 3173 1975 3231 sancit
2012 3181 2047 3227 c
2084 3193 2135 3244 a,
2175 3191 2322 3235 corr.

167 3245 248 3301 ed.
292 3243 481 3302 Pwrm.

308 3315 404 3371 IV.
456 3318 705 3374 Titulum
740 3317 867 3373 dedi
903 3333 970 3372 ex
1005 3321 1076 3371 A:
1127 3317 1187 3372 C.
1236 3315 1372 3372 flaui
1408 3317 1571 3372 ierini
1609 3319 1748 3387 0119
1777 3316 1970 3371 fratris
1998 3321 2069 3372 A:
2107 3317 2318 3375 fratres

169 3394 204 3440 c
229 3388 250 3457 [l
278 3392 344 3442 11
382 3389 665 3464 Premetet
700 3394 772 3444 A:
811 3389 1098 3445 Premeret
1134 3393 1170 3440 0
1207 3387 1461 3444 Proferet
1495 3388 1657 3444 Dom.
1703 3390 1725 3457 11
1771 3393 1835 3442 13
1875 3387 2041 3444 laude
2078 3388 2320 3459 rapinae

170 3459 381 3518 Markl.
