2517 3909
945 102 1323 163 SILUARUM
1358 108 1425 163 L.
1460 106 1530 177 V,
1568 114 1617 163 2.
2215 108 2344 173 135

1239 285 1325 353 H.

516 426 805 483 LAUDES
853 424 1169 482 CRISPINI
1214 425 1463 483 UECTII
1509 426 1786 483 BOLANI
1830 429 2018 487 FILII.

194 555 386 622 Rura
428 576 612 620 meus
659 553 998 639 Tyrrhena
1041 554 1207 638 petit
1253 554 1587 640 saltusque
1634 553 1902 643 Tagetis

196 643 575 731 Crispinus3
620 664 741 708 nec
784 643 985 730 longa
1030 664 1214 708 mora
1258 646 1362 709 est
1406 649 1520 708 aut
1540 686 1542 689 >
1566 645 1714 710 auia
1756 646 1978 730 tellus;

198 733 320 799 Set
365 755 514 799 mea
560 736 805 798 secreto
850 732 1179 797 uelluntur
1224 736 1491 816 pectora
1526 755 1768 819 morsu,

198 822 481 908 Udaque
526 824 863 908 turgentes
910 821 1235 905 inpellunt
1280 822 1529 886 lumina
1575 826 1817 908 guttas,

198 910 342 978 Ceu
389 932 587 996 super
629 911 885 996 Aegeas
929 910 1176 976 hiemes
1226 910 1528 977 abeuntis
1575 912 1764 977 amici
2312 930 2344 978 ὅ

197 1000 372 1067 Uela
418 1022 654 1085 sequar
698 1001 1111 1084 spectemque
1156 1003 1366 1065 ratem
1411 999 1542 1064 iam
1586 1001 1800 1067 fessus
1849 1001 1931 1066 ab
1979 1002 2131 1068 altis

198 1090 503 1174 Rupibus
551 1092 745 1174 atque
793 1088 1015 1154 oculos
1059 1088 1260 1175 longo
1309 1109 1540 1174 querar
1586 1111 1732 1155 aere
1778 1090 1974 1156 uinci.

199 1178 423 1254 Qujd?
469 1179 527 1243 si
572 1176 843 1243 militiae
879 1178 1020 1242 ⁴iam
1066 1179 1150 1256 te,-
1198 1199 1361 1262 puer
1387 1178 1628 1263 inclite,
1671 1179 1919 1264 primae

203 1266 406 1334 Clara
450 1266 821 1332 rudimenta
866 1270 933 1330 et
977 1269 1341 1331 castrorum
1389 1266 1573 1332 dulce
1619 1272 1886 1333 uocaret

202 1355 611 1441 Auspicium,
658 1357 903 1440 quanto
950 1357 1294 1419 manarent
1339 1356 1577 1442 gaudia
1621 1356 1778 1422 fletu
2281 1375 2348 1423 10

200 1444 472 1521 Quosue
517 1445 741 1510 darem
788 1445 1148 1530 amplexus!
1197 1444 1397 1510 etiam
1432 1445 1594 1511 haec
1641 1447 1927 1530 optanda
1962 1447 2343 1534 propinquis

200 1533 496 1599 Tristia?
543 1536 609 1598 et
654 1537 922 1600 octonos
969 1532 1072 1598 bis
1117 1534 1251 1598 iam
1297 1533 1421 1599 tibi
1457 1535 1684 1600 circuit
1727 1536 1918 1602 orbes

196 1622 382 1707 Uita,
428 1623 545 1688 sed
590 1623 885 1707 angustis
933 1623 1189 1688 animus
1238 1624 1570 1689 robustior
1616 1625 1804 1690 annis

200 1711 666 1815 Incumbitque
713 1713 913 1796 oneri,
958 1714 1025 1776 et
1067 1715 1356 1777 mentem
1403 1734 1523 1778 sua
1568 1734 1705 1778 non
1750 1714 1926 1800 capit
1971 1718 2167 1781 aetas,

201 1800 345 1867 Nec
391 1802 659 1866 mirumt
704 1822 841 1866 non
885 1803 950 1864 te
999 1802 1197 1865 series
1243 1800 1569 1867 inhonora
1613 1806 1958 1886 parentum
2279 1821 2344 1869 15

203 1890 574 1956 Obscurum
618 1890 881 1974 proauis
929 1892 995 1954 et
1038 1890 1289 1973 priscae
1334 1887 1501 1956 lucis
1548 1893 1848 1976 egentem

210 1979 480 2044 Plebeia
525 1978 603 2043 de
652 1979 852 2063 stirpe
896 1979 1074 2062 tulit3
1118 2001 1254 2045 non
1301 1979 1617 2065 sanguine
1664 1984 1877 2044 cretus

203 2068 504 2133 Turmali
546 2067 903 2153 trabeaque
949 2066 1156 2152 Remi,
1200 2090 1320 2134 nec
1366 2089 1649 2153 paupere
1696 2068 1881 2133 clauo

209 2156 584 2243 Angustam
630 2154 848 2221 sedem
895 2158 962 2220 et
1005 2154 1182 2221 Latii
1225 2157 1555 2241 penetrale
1603 2162 1865 2222 senatus

207 2247 488 2312 Aduena
522 2245 818 2330 pulsasti,
866 2244 980 2309 sed
1024 2245 1448 2329 praecedente
1493 2249 1753 2311 tuorum
2282 2263 2351 2313 20

206 2335 514 2421 Agmine.
603 2334 904 2400 Romulei
950 2334 1160 2419 qualis
1205 2355 1322 2418 per
1364 2335 1590 2421 iugera
1637 2335 1805 2419 circi,

210 2422 377 2489 Cum
422 2424 695 2509 pulcher
736 2423 884 2489 uisu
929 2429 989 2488 et
1028 2422 1236 2488 titulis
1285 2444 1636 2509 generosus
1686 2424 1877 2488 auitis

204 2513 611 2598 Expectatur
655 2534 876 2597 equuS,
921 2512 1102 2577 cuius
1148 2511 1225 2576 de
1274 2516 1613 2577 stemmate
1657 2513 1857 2599 longo

208 2601 390 2667 Felix
436 2601 740 2667 emeritos
785 2600 986 2665 habet
1030 2601 1393 2666 admissura
1436 2604 1755 2685 parentes,

349 2865 423 2919 II.
475 2865 727 2921 Titulum
771 2881 839 2921 θα)
882 2870 929 2917 A
975 2872 1010 2918 0
1059 2863 1267 2933 (Uectii
1310 2870 1382 2920 A
1429 2864 1593 2921 Uecti
1638 2866 1692 2934 0)
1745 2867 1872 2922 dedi
1910 2869 2000 2937 111
2041 2867 2252 2938 tagetis
2290 2874 2350 2920 0.

212 2938 406 3008 tageni
445 2941 482 2992 ς
521 2940 659 3008 11113
698 2936 797 2992 Set
834 2936 1182 2992 Gronouius:
1208 2937 1285 2992 Et
1320 2943 1355 2989 0
1393 2939 1533 3007 11114
1570 2939 1766 3007 guttae
1805 2938 2018 2994 Markl.
2045 2941 2125 3007 117
2165 2939 2362 2996 oculos<

211 3012 257 3062 A
301 3014 364 3062 0.
415 3009 593 3064 oculis
642 3014 677 3063 ς
732 3010 752 3078 11
806 3014 839 3063 8
888 3007 1034 3074 Quid
1070 3011 1117 3061 A
1154 3014 1213 3063 c:
1261 3007 1413 3090 quod
1451 3012 1487 3062 ς
1529 3008 1562 3091 J!
1619 3014 1683 3062 11
1732 3008 1905 3064 etiam
1941 3010 2083 3064 haec
2127 3012 2354 3080 scripsi.-

209 3078 389 3136 etiam
433 3091 505 3135 ne
550 3083 597 3133 A
643 3086 679 3133 0
718 3080 728 3150 1
766 3078 1097 3151 propinquis
1135 3083 1198 3133 ς·
1243 3077 1548 3149 propinqui
1584 3085 1619 3131 0
1657 3097 1691 3132 a
1724 3081 1746 3150 11
1783 3087 1850 3135 12
1889 3083 1949 3136 et
1986 3084 2049 3135 ςε
2091 3084 2158 3136 ut
2193 3087 2228 3133 0
2267 3100 2300 3135 a
2335 3081 2354 3156 11

216 3156 283 3205 14
331 3150 770 3235 Succumbitque
817 3156 852 3202 0
898 3169 957 3220 a,
1005 3151 1234 3207 correxi.
1283 3155 1454 3205 totum
1489 3166 1708 3205 uersum
1752 3153 1856 3206 del.
1893 3152 2175 3207 Barthius
2216 3156 2237 3222 11
2286 3158 2350 3207 18

213 3221 371 3277 trabe
420 3237 489 3278 ac
533 3221 704 3279 remis
750 3223 809 3277 et
852 3226 899 3276 A
940 3221 1215 3291 trabeque
1261 3236 1329 3275 ac
1363 3221 1533 3276 remis
1569 3223 1629 3276 et
1666 3228 1726 3290 0,
1764 3238 1903 3278 corr.
1941 3224 2175 3293 Deip-sius
2217 3227 2238 3293 11
2284 3231 2349 3277 21

212 3308 447 3349 munera
482 3293 618 3349 circi
654 3293 865 3349 Markl.
893 3296 1008 3364 1122
1057 3295 1116 3349 et
1158 3291 1453 3348 Heinsius:
1499 3308 1602 3349 om.
1649 3298 1684 3344 0
1729 3310 1765 3346 ι
1798 3296 1819 3363 11
1855 3299 1926 3348 24
1967 3295 2268 3351 demeritos
2306 3299 2355 3351 A

213 3369 267 3433 0,
301 3379 445 3421 corr.
483 3363 785 3421 Geuartius
