2517 3909
881 160 1282 215 memes
1326 166 1469 215 Lm.
1513 166 1608 216 lv,
2166 158 2246 220 79

379 315 723 379 Accumulat
761 317 1008 380 crebros
1049 320 1332 383 turbatrix·
1374 322 1525 385 fama
1568 339 1843 403 pavores.

245 401 360 463 Hic
410 404 522 463 iam
565 402 869 484 dispersos
913 423 1113 466 errare
1156 406 1425 488 Asopide
1465 408 1594 486 ripa
2139 415 2246 475 370

242 486 546 547 Lernaeos
588 490 847 567 equites:
893 489 988 550 hic
1029 499 1136 568 te,
1168 491 1454 554 bacchate
1493 491 1830 569 Cithaeron,

241 570 358 632 lile
395 572 521 652 rapi
564 571 933 635 Theumeson
969 576 1076 652 ait,
1121 579 1431 656 noctisque
1467 595 1576 658 per
1618 576 1851 638 umbras

244 655 483 717 Nuntiat
524 657 788 718 excubiis
828 659 1042 737 vigiles
1080 661 1299 722 arsisse
1342 663 1630 724 Plataeas.

246 739 395 801 Nam
436 740 647 817 Tyrios
691 743 938 804 sudasse
979 744 1135 805 lares
1157 792 1175 823 ,
1219 756 1287 806 et
1327 748 1606 825 sangnine
1643 745 1863 807 Dircen

246 824 564 903 Inrignam,
606 827 918 908 foetusque
957 846 1179 908 novos,
1222 834 1548 911 iterumque
1590 831 1843 892 locutam
2138 841 2243 899 375

247 910 510 989 Sphinga
554 915 771 990 petris,
818 916 911 974 cui
953 930 1070 974 non
1110 925 1170 975 et
1212 917 1365 977 scire
1407 917 1640 977 licentia
1682 917 1903 995 ‘passim

244 993 326 1054 Et
364 994 584 1056 vidisse
623 994 772 1057 fuit?
851 996 1054 1059 Novus
1095 1000 1185 1060 his
1230 1019 1410 1081 super
1451 1002 1619 1063 anxia
1654 999 1846 1061 turbat

250 1077 444 1140 Corda
487 1090 700 1151 metus;
748 1084 967 1163 sparsis
1010 1084 1203 1146 subito
1250 1094 1523 1167 correpta
1563 1086 1831 1147 canistris

249 1164 547 1225 Silvestris
584 1167 787 1246 regina
833 1167 997 1229 chori
1045 1169 1305 1231 decurrit
1352 1172 1411 1231 in
1452 1187 1699 1250 aequum

243 1248 488 1309 Vertice
531 1250 604 1312 ab
648 1249 911 1330 Ogygio,
954 1253 1320 1335 trifidamque
1364 1255 1481 1316 huc
1517 1256 1698 1316 tristis
1742 1264 1807 1315 et*
1845 1257 1989 1318 illuc
2138 1270 2244 1324 380

243 1333 480 1394 Lumine
524 1339 843 1414 sanguineo
887 1339 1080 1417 pinum
1118 1339 1405 1418 deiectat,
1453 1349 1512 1401 et
1553 1340 1763 1400 ardens

242 1418 518 1480 Erectam
555 1422 813 1481 attonitis
853 1423 1038 1504 inplet
1082 1424 1432 1486 clamoribus
1472 1424 1704 1485 urbem:

379 1504 793 1584 ‘Omnipotens
834 1503 1050 1569 Nisaee
1093 1520 1296 1588 pater,
1345 1511 1437 1571 cni
1479 1511 1671 1587 gentis
1711 1511 1905 1571 avitae

242 1588 471 1649 Pridem
515 1589 715 1668 lapsus
758 1608 953 1670 amor,
998 1601 1058 1653 tu
1097 1611 1252 1655 nunc
1287 1595 1566 1654 horrente
1602 1593 1709 1654 sub
1746 1604 1912 1656 arcto

243 1672 470 1735 Bellica
512 1674 734 1735 ferrato
779 1677 1016 1755 rapidus
1062 1679 1251 1756 quatis
1294 1678 1512 1739 Ismara
1550 1678 1750 1754 thyrso
2138 1690 2242 1746 385

243 1757 731 1838 Pampineumque
771 1760 940 1821 iubes
981 1780 1180 1821 nemus
1222 1763 1845 1843 inrepmre.Lycurgo,

242 1841 363 1902 Aut
405 1844 675 1905 tumidum
721 1843 962 1925 Gangen
1005 1856 1102 1908 aut
1140 1847 1394 1908 claustra
1431 1849 1742 1908 novissima
1784 1847 1998 1909 rubrae

246 1925 508 2003 Tethyos
540 1927 817 2009 ansque
861 1931 1066 1993 domos
1102 1932 1384 2010 flagrante
1422 1931 1710 2011 triumpho

245 2010 543 2089 Perfuris,
591 2023 686 2074 aut
727 2015 924 2077 Hermi
958 2016 1032 2078 de
1077 2017 1335 2079 fontibus
1382 2031 1592 2078 aureus
1636 2017 1784 2077 exis.

244 2095 329 2155 At
371 2105 465 2157 tua
508 2100 860 2179 progenies,
906 2103 1114 2182 positis
1157 2102 1473 2181 gentilibus
1517 2103 1689 2163 armis
2140 2111 2245 2167 390

245 2181 414 2254 Quae
458 2181 559 2242 tibi
600 2182 751 2246 festa
794 2184 953 2264 litat,
999 2186 1216 2248 bellum
1259 2187 1647 2266 lacrimasque
1689 2195 2023 2266 metumque

247 2263 689 2347 Cognatumque
728 2270 933 2348 nefas,
979 2273 1172 2340 iniusti
1203 2289 1440 2332 munera
1479 2272 1668 2349 regni,

243 2350 581 2421 Pendimus;
628 2357 884 2415 aeternis
927 2358 1122 2436 potius
1164 2375 1293 2433 me,
1339 2355 1604 2433 Bacche,
1649 2356 1869 2436 pruinis

246 2434 432 2496 Trans
480 2446 539 2496 et
580 2437 914 2500 Amazoniis
956 2441 1229 2502 ululatum
1275 2439 1582 2502 Caucason
1622 2443 1795 2502 armis

244 2520 402 2581 Siste
430 2520 650 2600 ferens,
689 2542 857 2603 quam
886 2535 1142 2587 monstra
1171 2526 1377 2586 ducum
1407 2526 1764 2605 stirpemque
1796 2525 2097 2605 profanam
2139 2536 2243 2592 395

243 2604 525 2685 Eloquar.
612 2607 703 2669 En
746 2628 954 2688 urges3
1002 2611 1174 2671 alium
1215 2608 1351 2686 tibi,
1395 2609 1661 2687 Bacche,
1702 2609 1959 2672 furorem

242 2688 470 2768 Iuravi,
520 2692 738 2754 similes
777 2695 953 2755 video
993 2711 1347 2755 concurrere
1389 2703 1622 2763 tauros:
1712 2739 1717 2744 .

243 2773 407 2835 Idem
451 2776 729 2838 ambobus
777 2777 996 2856 honos,
1042 2796 1304 2857 unusque
1345 2777 1418 2839 ab
1463 2781 1693 2858 origine
1732 2781 2000 2859 sanguin

242 2858 444 2921 Ardua
488 2862 719 2924 collatis
760 2862 959 2923 obnixi
1000 2880 1217 2923 cornua
1250 2864 1496 2923 miscent

242 2942 591 3023 Frontibus,
637 2946 979 3026 alternaque
1014 2956 1212 3008 truces
1256 2948 1573 3009 moriuntur
1605 2949 1663 3008 in
1704 2950 1804 3010 ira.
2135 2959 2242 3012 400

244 3028 333 3088 Tu
374 3031 577 3109 peior,
623 3039 683 3091 tu
729 3032 880 3093 cede
928 3049 1180 3109 nocens,
1227 3033 1324 3111 qui
1373 3032 1535 3093 solus
1573 3034 1721 3095 avita

243 3112 511 3176 Gramina
556 3133 1031 3196 communemque
1074 3117 1228 3197 petis
1271 3116 1595 3179 defendere
1635 3128 1907 3180 montem.

243 3197 339 3259 Ah
381 3201 579 3260 miseri
619 3200 869 3262 morum!
908 3200 1144 3262 bellatis
1188 3202 1470 3279 sang-uine
1515 3212 1697 3280 tanto,

240 3282 318 3343 Et
365 3284 570 3345 saltum
611 3285 726 3346 dux
770 3286 921 3347 alter
963 3285 1184 3347 habet)
1264 3288 1365 3347 Sic
1406 3286 1525 3348 fata
1567 3288 1780 3365 gelatis

239 3366 517 3429 Vultihus
560 3379 621 3430 et
658 3370 896 3432 Baccho
938 3372 1049 3432 iam
1088 3370 1450 3449 demigrante
1496 3372 1730 3450 quievit.
2137 3383 2241 3437 405

372 3451 450 3514 At
490 3454 754 3538 trepidus
791 3465 1051 3519 monstro
1088 3465 1146 3517 et
1183 3457 1359 3519 variis
1392 3454 1714 3522 terroribus
1757 3456 1945 3536 inpar,
