<?xml version="1.0" encoding="UTF-8"?>
<!DOCTYPE html PUBLIC "-//W3C//DTD XHTML 1.0 Transitional//EN"
    "http://www.w3.org/TR/xhtml1/DTD/xhtml1-transitional.dtd">
<html xmlns="http://www.w3.org/1999/xhtml" xml:lang="en" lang="en">
 <head>
  <title>
</title>
<meta http-equiv="Content-Type" content="text/html;charset=utf-8" />
  <meta name='ocr-system' content='tesseract 3.04.00' />
  <meta name='ocr-capabilities' content='ocr_page ocr_carea ocr_par ocr_line ocrx_word'/>
</head>
<body>
  <div class='ocr_page' id='page_1' title='image "./ppapiniusstatiu00placgoog_0316.png"; bbox 0 0 2517 3909; ppageno 0'>
   <div class='ocr_carea' id='block_1_1' title="bbox 307 84 1645 148">
    <p class='ocr_par' dir='ltr' id='par_1_1' title="bbox 307 84 1645 148">
     <span class='ocr_line' id='line_1_1' title="bbox 307 84 1645 148; baseline 0.001 -2"><span class='ocrx_word' id='word_1_1' title='bbox 307 84 389 146; x_wconf 79' lang='lat'><strong>40</strong></span> <span class='ocrx_word' id='word_1_2' title='bbox 947 96 1037 145; x_wconf 60' lang='grc' dir='ltr'><strong>..Ε</strong></span> <span class='ocrx_word' id='word_1_3' title='bbox 1082 93 1363 148; x_wconf 74' lang='lat' dir='ltr'><strong>PAPmn·</strong></span> <span class='ocrx_word' id='word_1_4' title='bbox 1390 93 1645 147; x_wconf 66' lang='lat' dir='ltr'><strong>STATU-</strong></span> 
     </span>
    </p>
   </div>
   <div class='ocr_carea' id='block_1_2' title="bbox 291 250 2298 3461">
    <p class='ocr_par' dir='ltr' id='par_1_2' title="bbox 307 250 1818 416">
     <span class='ocr_line' id='line_1_2' title="bbox 308 250 1629 348; baseline 0.001 -36"><span class='ocrx_word' id='word_1_5' title='bbox 308 251 537 322; x_wconf 87' lang='lat' dir='ltr'><strong>Risisti;</strong></span> <span class='ocrx_word' id='word_1_6' title='bbox 582 268 794 312; x_wconf 91' lang='lat' dir='ltr'><strong>moneo</strong></span> <span class='ocrx_word' id='word_1_7' title='bbox 829 259 1143 330; x_wconf 70' lang='lat' dir='ltr'><strong>regnorum</strong></span> <span class='ocrx_word' id='word_1_8' title='bbox 1182 250 1392 348; x_wconf 76' lang='lat' dir='ltr'><strong>gaudia</strong></span> <span class='ocrx_word' id='word_1_9' title='bbox 1430 260 1629 314; x_wconf 85' lang='lat' dir='ltr'><strong>temet</strong></span> 
     </span>
     <span class='ocr_line' id='line_1_3' title="bbox 307 336 1818 416; baseline 0 -20"><span class='ocrx_word' id='word_1_10' title='bbox 307 336 621 398; x_wconf 86' lang='lat' dir='ltr'><strong>Dedoceas</strong></span> <span class='ocrx_word' id='word_1_11' title='bbox 658 337 999 416; x_wconf 84' lang='lat' dir='ltr'><strong>patiensque</strong></span> <span class='ocrx_word' id='word_1_12' title='bbox 1035 338 1212 415; x_wconf 79' lang='lat' dir='ltr'><strong>fugae</strong></span> <span class='ocrx_word' id='word_1_13' title='bbox 1250 341 1516 398; x_wconf 80' lang='lat' dir='ltr'><strong>mereare</strong></span> <span class='ocrx_word' id='word_1_14' title='bbox 1558 337 1798 398; x_wconf 78' lang='lat' dir='ltr'><strong>reverti.</strong></span> <span class='ocrx_word' id='word_1_15' title='bbox 1801 336 1818 370; x_wconf 73' lang='lat'>⁹</span> 
     </span>
    </p>

    <p class='ocr_par' dir='ltr' id='par_1_3' title="bbox 291 420 2298 3461">
     <span class='ocr_line' id='line_1_4' title="bbox 431 420 2298 506; baseline 0.001 -24"><span class='ocrx_word' id='word_1_16' title='bbox 431 420 692 482; x_wconf 81' lang='lat' dir='ltr'><strong>Dixerat.</strong></span> <span class='ocrx_word' id='word_1_17' title='bbox 778 420 889 481; x_wconf 88' lang='lat' dir='ltr'><strong>Ast</strong></span> <span class='ocrx_word' id='word_1_18' title='bbox 930 420 1014 482; x_wconf 87' lang='lat' dir='ltr'><strong>illi</strong></span> <span class='ocrx_word' id='word_1_19' title='bbox 1053 424 1230 483; x_wconf 85' lang='lat' dir='ltr'><strong>tacito</strong></span> <span class='ocrx_word' id='word_1_20' title='bbox 1276 422 1384 482; x_wconf 89' lang='lat' dir='ltr'><strong>sub</strong></span> <span class='ocrx_word' id='word_1_21' title='bbox 1428 429 1673 506; x_wconf 84' lang='lat' dir='ltr'><strong>pectore</strong></span> <span class='ocrx_word' id='word_1_22' title='bbox 1713 421 1922 483; x_wconf 78' lang='lat' dir='ltr'><strong>dudum</strong></span> <span class='ocrx_word' id='word_1_23' title='bbox 2188 430 2298 484; x_wconf 73' lang='lat'><strong>410</strong></span> 
     </span>
     <span class='ocr_line' id='line_1_5' title="bbox 306 504 1879 586; baseline 0.001 -20"><span class='ocrx_word' id='word_1_24' title='bbox 306 506 485 584; x_wconf 77' lang='lat' dir='ltr'><strong>Ignea</strong></span> <span class='ocrx_word' id='word_1_25' title='bbox 521 504 699 567; x_wconf 90' lang='lat' dir='ltr'><strong>corda</strong></span> <span class='ocrx_word' id='word_1_26' title='bbox 737 505 1013 576; x_wconf 82' lang='lat' dir='ltr'><strong>fremunt;</strong></span> <span class='ocrx_word' id='word_1_27' title='bbox 1055 505 1211 567; x_wconf 87' lang='lat' dir='ltr'><strong>iacto</strong></span> <span class='ocrx_word' id='word_1_28' title='bbox 1248 507 1410 567; x_wconf 78' lang='lat' dir='ltr'><strong>velut</strong></span> <span class='ocrx_word' id='word_1_29' title='bbox 1447 523 1659 586; x_wconf 84' lang='lat' dir='ltr'><strong>aspera</strong></span> <span class='ocrx_word' id='word_1_30' title='bbox 1702 524 1879 567; x_wconf 77' lang='lat' dir='ltr'><strong>saxo</strong></span> 
     </span>
     <span class='ocr_line' id='line_1_6' title="bbox 308 589 1809 690; baseline -0.001 -39"><span class='ocrx_word' id='word_1_31' title='bbox 308 589 580 651; x_wconf 85' lang='lat' dir='ltr'><strong>Cominus</strong></span> <span class='ocrx_word' id='word_1_32' title='bbox 621 590 864 690; x_wconf 70' lang='lat' dir='ltr'><strong>erigitur</strong></span> <span class='ocrx_word' id='word_1_33' title='bbox 904 608 1185 670; x_wconf 87' lang='lat' dir='ltr'><strong>serpens,</strong></span> <span class='ocrx_word' id='word_1_34' title='bbox 1226 591 1320 652; x_wconf 84' lang='lat' dir='ltr'><strong>cui</strong></span> <span class='ocrx_word' id='word_1_35' title='bbox 1367 590 1570 652; x_wconf 87' lang='lat' dir='ltr'><strong>subter</strong></span> <span class='ocrx_word' id='word_1_36' title='bbox 1610 592 1809 654; x_wconf 75' lang='lat' dir='ltr'><strong>inanes</strong></span> 
     </span>
     <span class='ocr_line' id='line_1_7' title="bbox 304 674 1920 755; baseline -0.001 -18"><span class='ocrx_word' id='word_1_37' title='bbox 304 675 504 752; x_wconf 84' lang='lat' dir='ltr'><strong>Longa</strong></span> <span class='ocrx_word' id='word_1_38' title='bbox 543 675 667 735; x_wconf 89' lang='lat' dir='ltr'><strong>sitis</strong></span> <span class='ocrx_word' id='word_1_39' title='bbox 710 674 997 752; x_wconf 82' lang='lat' dir='ltr'><strong>latebras,</strong></span> <span class='ocrx_word' id='word_1_40' title='bbox 1042 683 1321 755; x_wconf 81' lang='lat' dir='ltr'><strong>totosque</strong></span> <span class='ocrx_word' id='word_1_41' title='bbox 1356 676 1569 753; x_wconf 80' lang='lat' dir='ltr'><strong>agitata</strong></span> <span class='ocrx_word' id='word_1_42' title='bbox 1612 693 1720 755; x_wconf 87' lang='lat' dir='ltr'><strong>per</strong></span> <span class='ocrx_word' id='word_1_43' title='bbox 1760 684 1920 737; x_wconf 78' lang='lat' dir='ltr'><strong>artus</strong></span> 
     </span>
     <span class='ocr_line' id='line_1_8' title="bbox 308 757 2099 839; baseline 0 -20"><span class='ocrx_word' id='word_1_44' title='bbox 308 757 609 820; x_wconf 77' lang='lat' dir='ltr'>Convocat</span> <span class='ocrx_word' id='word_1_45' title='bbox 649 759 705 819; x_wconf 91' lang='lat' dir='ltr'><strong>in</strong></span> <span class='ocrx_word' id='word_1_46' title='bbox 746 760 951 821; x_wconf 82' lang='lat' dir='ltr'><strong>fauces</strong></span> <span class='ocrx_word' id='word_1_47' title='bbox 994 770 1054 820; x_wconf 88' lang='lat' dir='ltr'><strong>et</strong></span> <span class='ocrx_word' id='word_1_48' title='bbox 1094 777 1367 839; x_wconf 80' lang='lat' dir='ltr'><strong>squamea</strong></span> <span class='ocrx_word' id='word_1_49' title='bbox 1412 760 1581 821; x_wconf 86' lang='lat' dir='ltr'><strong>colla·</strong></span> <span class='ocrx_word' id='word_1_50' title='bbox 1606 777 1925 822; x_wconf 77' lang='lat' dir='ltr'><strong>venenum:</strong></span> <span class='ocrx_word' id='word_1_51' title='bbox 2081 795 2099 812; x_wconf 54' lang='grc' dir='ltr'><strong><em>ι</em></strong></span> 
     </span>
     <span class='ocr_line' id='line_1_9' title="bbox 432 840 2294 923; baseline 0.001 -20"><span class='ocrx_word' id='word_1_52' title='bbox 432 849 451 879; x_wconf 68' lang='lat'><em>³</em></span> <span class='ocrx_word' id='word_1_53' title='bbox 473 840 718 922; x_wconf 82' lang='lat' dir='ltr'><strong>Cognita</strong></span> <span class='ocrx_word' id='word_1_54' title='bbox 761 845 811 904; x_wconf 89' lang='lat' dir='ltr'><strong>si</strong></span> <span class='ocrx_word' id='word_1_55' title='bbox 839 844 1043 905; x_wconf 78' lang='lat' dir='ltr'><strong>‘dubiis</strong></span> <span class='ocrx_word' id='word_1_56' title='bbox 1078 845 1275 905; x_wconf 74' lang='lat' dir='ltr'><strong>fratris</strong></span> <span class='ocrx_word' id='word_1_57' title='bbox 1306 844 1441 905; x_wconf 82' lang='lat' dir='ltr'><strong>mihi</strong></span> <span class='ocrx_word' id='word_1_58' title='bbox 1481 846 1664 923; x_wconf 81' lang='lat' dir='ltr'><strong>iurgia</strong></span> <span class='ocrx_word' id='word_1_59' title='bbox 1701 845 1881 922; x_wconf 71' lang='lat' dir='ltr'><strong>signis</strong></span> <span class='ocrx_word' id='word_1_60' title='bbox 2185 850 2294 905; x_wconf 73' lang='lat'><strong>415</strong></span> 
     </span>
     <span class='ocr_line' id='line_1_10' title="bbox 305 928 1959 1009; baseline -0.001 -19"><span class='ocrx_word' id='word_1_61' title='bbox 305 930 457 990; x_wconf 80' lang='lat' dir='ltr'><strong>Ante</strong></span> <span class='ocrx_word' id='word_1_62' title='bbox 499 928 727 1005; x_wconf 83' lang='lat' dir='ltr'><strong>forent,</strong></span> <span class='ocrx_word' id='word_1_63' title='bbox 769 946 881 990; x_wconf 89' lang='lat' dir='ltr'><strong>nec</strong></span> <span class='ocrx_word' id='word_1_64' title='bbox 913 929 1076 990; x_wconf 85' lang='lat' dir='ltr'><strong>clara</strong></span> <span class='ocrx_word' id='word_1_65' title='bbox 1117 929 1382 991; x_wconf 86' lang='lat' dir='ltr'><strong>odiorum</strong></span> <span class='ocrx_word' id='word_1_66' title='bbox 1421 945 1631 991; x_wconf 75' lang='lat' dir='ltr'><strong>aroana</strong></span> <span class='ocrx_word' id='word_1_67' title='bbox 1670 937 1959 1009; x_wconf 79' lang='lat' dir='ltr'><strong>paterent,</strong></span> 
     </span>
     <span class='ocr_line' id='line_1_11' title="bbox 304 1012 1927 1094; baseline 0 -20"><span class='ocrx_word' id='word_1_68' title='bbox 304 1014 616 1074; x_wconf 82' lang='lat' dir='ltr'><strong>Sufficeret</strong></span> <span class='ocrx_word' id='word_1_69' title='bbox 662 1013 760 1073; x_wconf 78' lang='lat' dir='ltr'><strong>vel</strong></span> <span class='ocrx_word' id='word_1_70' title='bbox 793 1014 924 1075; x_wconf 89' lang='lat' dir='ltr'><strong>sola</strong></span> <span class='ocrx_word' id='word_1_71' title='bbox 963 1013 1147 1092; x_wconf 82' lang='lat' dir='ltr'><strong>fides,</strong></span> <span class='ocrx_word' id='word_1_72' title='bbox 1198 1032 1314 1094; x_wconf 87' lang='lat' dir='ltr'><strong>qua</strong></span> <span class='ocrx_word' id='word_1_73' title='bbox 1351 1023 1553 1078; x_wconf 78' lang='lat' dir='ltr'><strong>torvus</strong></span> <span class='ocrx_word' id='word_1_74' title='bbox 1598 1021 1658 1074; x_wconf 88' lang='lat' dir='ltr'><strong>et</strong></span> <span class='ocrx_word' id='word_1_75' title='bbox 1697 1012 1854 1074; x_wconf 68' lang='lat' dir='ltr'><strong>illum</strong></span> <span class='ocrx_word' id='word_1_76' title='bbox 1920 1037 1927 1048; x_wconf 89' lang='lat'>·</span> 
     </span>
     <span class='ocr_line' id='line_1_12' title="bbox 303 1097 2015 1178; baseline -0.001 -18"><span class='ocrx_word' id='word_1_77' title='bbox 303 1098 497 1160; x_wconf 81' lang='lat' dir='ltr'><strong>Mente</strong></span> <span class='ocrx_word' id='word_1_78' title='bbox 540 1115 789 1176; x_wconf 84' lang='lat' dir='ltr'><strong>gerens,</strong></span> <span class='ocrx_word' id='word_1_79' title='bbox 836 1116 943 1159; x_wconf 79' lang='lat' dir='ltr'><strong>ceu</strong></span> <span class='ocrx_word' id='word_1_80' title='bbox 982 1108 1149 1178; x_wconf 85' lang='lat' dir='ltr'><strong>septa</strong></span> <span class='ocrx_word' id='word_1_81' title='bbox 1194 1115 1380 1159; x_wconf 76' lang='lat' dir='ltr'><strong>novus</strong></span> <span class='ocrx_word' id='word_1_82' title='bbox 1426 1099 1537 1159; x_wconf 74' lang='lat' dir='ltr'><strong>iam</strong></span> <span class='ocrx_word' id='word_1_83' title='bbox 1572 1099 1801 1164; x_wconf 83' lang='lat' dir='ltr'><strong>moenia</strong></span> <span class='ocrx_word' id='word_1_84' title='bbox 1841 1097 2015 1159; x_wconf 66' lang='lat' dir='ltr'><strong>lamet-</strong></span> 
     </span>
     <span class='ocr_line' id='line_1_13' title="bbox 303 1182 1833 1261; baseline 0.001 -18"><span class='ocrx_word' id='word_1_85' title='bbox 303 1183 555 1258; x_wconf 82' lang='lat' dir='ltr'><strong>Fossor,</strong></span> <span class='ocrx_word' id='word_1_86' title='bbox 601 1192 660 1243; x_wconf 95' lang='lat' dir='ltr'><strong>et</strong></span> <span class='ocrx_word' id='word_1_87' title='bbox 698 1182 943 1244; x_wconf 74' lang='lat' dir='ltr'><strong>hostiles</strong></span> <span class='ocrx_word' id='word_1_88' title='bbox 979 1183 1274 1244; x_wconf 70' lang='lat' dir='ltr'><strong>inimicent</strong></span> <span class='ocrx_word' id='word_1_89' title='bbox 1316 1184 1561 1245; x_wconf 79' lang='lat' dir='ltr'><strong>classica</strong></span> <span class='ocrx_word' id='word_1_90' title='bbox 1595 1193 1833 1261; x_wconf 75' lang='lat' dir='ltr'><strong>turmas,</strong></span> 
     </span>
     <span class='ocr_line' id='line_1_14' title="bbox 303 1265 2295 1330; baseline 0 -3"><span class='ocrx_word' id='word_1_91' title='bbox 303 1267 615 1328; x_wconf 82' lang='lat' dir='ltr'><strong>Praefuris.</strong></span> <span class='ocrx_word' id='word_1_92' title='bbox 679 1265 744 1327; x_wconf 91' lang='lat' dir='ltr'><strong>In</strong></span> <span class='ocrx_word' id='word_1_93' title='bbox 783 1266 1009 1329; x_wconf 90' lang='lat' dir='ltr'><strong>medios</strong></span> <span class='ocrx_word' id='word_1_94' title='bbox 1053 1269 1102 1327; x_wconf 90' lang='lat' dir='ltr'><strong>si</strong></span> <span class='ocrx_word' id='word_1_95' title='bbox 1146 1269 1415 1330; x_wconf 82' lang='lat' dir='ltr'><strong>cominus</strong></span> <span class='ocrx_word' id='word_1_96' title='bbox 1442 1284 1578 1329; x_wconf 75' lang='lat' dir='ltr'><strong>orsa</strong></span> <span class='ocrx_word' id='word_1_97' title='bbox 1619 1267 1859 1329; x_wconf 74' lang='lat' dir='ltr'><strong>tulisses</strong></span> <span class='ocrx_word' id='word_1_98' title='bbox 2104 1303 2109 1312; x_wconf 92' lang='lat'><strong>·</strong></span> <span class='ocrx_word' id='word_1_99' title='bbox 2182 1273 2295 1327; x_wconf 64' lang='lat'><strong>420</strong></span> 
     </span>
     <span class='ocr_line' id='line_1_15' title="bbox 303 1351 1790 1432; baseline 0.001 -21"><span class='ocrx_word' id='word_1_100' title='bbox 303 1352 570 1412; x_wconf 81' lang='lat' dir='ltr'><strong>Bistonas</strong></span> <span class='ocrx_word' id='word_1_101' title='bbox 614 1360 709 1411; x_wconf 89' lang='lat' dir='ltr'><strong>aut</strong></span> <span class='ocrx_word' id='word_1_102' title='bbox 750 1352 961 1429; x_wconf 78' lang='lat' dir='ltr'><strong>refugo</strong></span> <span class='ocrx_word' id='word_1_103' title='bbox 1006 1352 1295 1432; x_wconf 77' lang='lat' dir='ltr'><strong>pallentes</strong></span> <span class='ocrx_word' id='word_1_104' title='bbox 1337 1353 1473 1414; x_wconf 78' lang='lat' dir='ltr'><strong>sele</strong></span> <span class='ocrx_word' id='word_1_105' title='bbox 1508 1351 1790 1429; x_wconf 79' lang='lat' dir='ltr'><strong>Gelonos,</strong></span> 
     </span>
     <span class='ocr_line' id='line_1_16' title="bbox 302 1436 1772 1516; baseline 0.001 -21"><span class='ocrx_word' id='word_1_106' title='bbox 302 1436 539 1497; x_wconf 84' lang='lat' dir='ltr'><strong>Parcior</strong></span> <span class='ocrx_word' id='word_1_107' title='bbox 579 1436 837 1516; x_wconf 88' lang='lat' dir='ltr'><strong>alloquio</strong></span> <span class='ocrx_word' id='word_1_108' title='bbox 885 1445 946 1497; x_wconf 85' lang='lat' dir='ltr'><strong>et</strong></span> <span class='ocrx_word' id='word_1_109' title='bbox 980 1437 1156 1497; x_wconf 87' lang='lat' dir='ltr'><strong>medii</strong></span> <span class='ocrx_word' id='word_1_110' title='bbox 1191 1440 1560 1498; x_wconf 78' lang='lat' dir='ltr'><strong>reverentior</strong></span> <span class='ocrx_word' id='word_1_111' title='bbox 1600 1437 1772 1515; x_wconf 82' lang='lat' dir='ltr'><strong>aequi</strong></span> 
     </span>
     <span class='ocr_line' id='line_1_17' title="bbox 303 1519 1867 1600; baseline 0.001 -20"><span class='ocrx_word' id='word_1_112' title='bbox 303 1521 633 1600; x_wconf 87' lang='lat' dir='ltr'><strong>Inciperes;</strong></span> <span class='ocrx_word' id='word_1_113' title='bbox 675 1538 867 1600; x_wconf 87' lang='lat' dir='ltr'><strong>neque</strong></span> <span class='ocrx_word' id='word_1_114' title='bbox 909 1530 969 1581; x_wconf 85' lang='lat' dir='ltr'><strong>te</strong></span> <span class='ocrx_word' id='word_1_115' title='bbox 1013 1519 1357 1582; x_wconf 74' lang='lat' dir='ltr'><strong>furibundae</strong></span> <span class='ocrx_word' id='word_1_116' title='bbox 1392 1522 1626 1582; x_wconf 80' lang='lat' dir='ltr'><strong>crimine</strong></span> <span class='ocrx_word' id='word_1_117' title='bbox 1660 1521 1867 1582; x_wconf 84' lang='lat' dir='ltr'><strong>mentis</strong></span> 
     </span>
     <span class='ocr_line' id='line_1_18' title="bbox 303 1602 2253 1705; baseline 0 -42"><span class='ocrx_word' id='word_1_118' title='bbox 303 1606 643 1705; x_wconf 81' lang='lat' dir='ltr'><strong>Arguerim:</strong></span> <span class='ocrx_word' id='word_1_119' title='bbox 686 1605 948 1667; x_wconf 80' lang='lat' dir='ltr'><strong>mandata</strong></span> <span class='ocrx_word' id='word_1_120' title='bbox 992 1605 1202 1666; x_wconf 82' lang='lat' dir='ltr'><strong>refers.</strong></span> <span class='ocrx_word' id='word_1_121' title='bbox 1289 1606 1465 1667; x_wconf 83' lang='lat' dir='ltr'><strong>Nunc</strong></span> <span class='ocrx_word' id='word_1_122' title='bbox 1499 1606 1686 1667; x_wconf 85' lang='lat' dir='ltr'><strong>omnia</strong></span> <span class='ocrx_word' id='word_1_123' title='bbox 1729 1602 1957 1685; x_wconf 78' lang='lat' dir='ltr'><strong>quando</strong></span> <span class='ocrx_word' id='word_1_124' title='bbox 2246 1647 2253 1656; x_wconf 86' lang='lat'><strong>.</strong></span> 
     </span>
     <span class='ocr_line' id='line_1_19' title="bbox 301 1688 2290 1771; baseline -0.001 -22"><span class='ocrx_word' id='word_1_125' title='bbox 301 1688 479 1750; x_wconf 87' lang='lat' dir='ltr'><strong>Plena</strong></span> <span class='ocrx_word' id='word_1_126' title='bbox 517 1691 714 1766; x_wconf 88' lang='lat' dir='ltr'><strong>minis,</strong></span> <span class='ocrx_word' id='word_1_127' title='bbox 762 1708 874 1751; x_wconf 85' lang='lat' dir='ltr'><strong>nec</strong></span> <span class='ocrx_word' id='word_1_128' title='bbox 918 1700 1152 1771; x_wconf 84' lang='lat' dir='ltr'><strong>sceptra</strong></span> <span class='ocrx_word' id='word_1_129' title='bbox 1193 1690 1311 1751; x_wconf 76' lang='lat' dir='ltr'><strong>fide</strong></span> <span class='ocrx_word' id='word_1_130' title='bbox 1352 1709 1463 1752; x_wconf 91' lang='lat' dir='ltr'><strong>nec</strong></span> <span class='ocrx_word' id='word_1_131' title='bbox 1504 1705 1653 1771; x_wconf 86' lang='lat' dir='ltr'><strong>pace</strong></span> <span class='ocrx_word' id='word_1_132' title='bbox 1696 1697 2003 1768; x_wconf 79' lang='lat' dir='ltr'><strong>sequestra</strong></span> <span class='ocrx_word' id='word_1_133' title='bbox 2184 1694 2290 1748; x_wconf 68' lang='lat'><strong>425</strong></span> 
     </span>
     <span class='ocr_line' id='line_1_20' title="bbox 302 1770 2034 1856; baseline -0.001 -22"><span class='ocrx_word' id='word_1_134' title='bbox 302 1774 581 1852; x_wconf 87' lang='lat' dir='ltr'><strong>Poscitis,</strong></span> <span class='ocrx_word' id='word_1_135' title='bbox 629 1785 686 1835; x_wconf 92' lang='lat' dir='ltr'><strong>et</strong></span> <span class='ocrx_word' id='word_1_136' title='bbox 727 1774 939 1855; x_wconf 89' lang='lat' dir='ltr'><strong>capulo</strong></span> <span class='ocrx_word' id='word_1_137' title='bbox 986 1778 1230 1856; x_wconf 83' lang='lat' dir='ltr'><strong>propior</strong></span> <span class='ocrx_word' id='word_1_138' title='bbox 1265 1789 1498 1837; x_wconf 80' lang='lat' dir='ltr'><strong>manus:</strong></span> <span class='ocrx_word' id='word_1_139' title='bbox 1541 1775 1692 1837; x_wconf 79' lang='lat' dir='ltr'><strong>haec</strong></span> <span class='ocrx_word' id='word_1_140' title='bbox 1728 1789 1861 1834; x_wconf 84' lang='lat' dir='ltr'><strong>mea</strong></span> <span class='ocrx_word' id='word_1_141' title='bbox 1900 1770 2034 1848; x_wconf 70' lang='lat' dir='ltr'><strong>regi</strong></span> 
     </span>
     <span class='ocr_line' id='line_1_21' title="bbox 300 1859 2097 1940; baseline -0.001 -22"><span class='ocrx_word' id='word_1_142' title='bbox 300 1859 620 1938; x_wconf 78' lang='lat' dir='ltr'><strong>Argolico,</strong></span> <span class='ocrx_word' id='word_1_143' title='bbox 665 1859 913 1921; x_wconf 86' lang='lat' dir='ltr'><strong>nondum</strong></span> <span class='ocrx_word' id='word_1_144' title='bbox 956 1878 1142 1940; x_wconf 83' lang='lat' dir='ltr'><strong>aequa</strong></span> <span class='ocrx_word' id='word_1_145' title='bbox 1179 1861 1330 1939; x_wconf 74' lang='lat' dir='ltr'><strong>tuis,</strong></span> <span class='ocrx_word' id='word_1_146' title='bbox 1373 1862 1505 1921; x_wconf 87' lang='lat' dir='ltr'><strong>vice</strong></span> <span class='ocrx_word' id='word_1_147' title='bbox 1540 1860 1697 1921; x_wconf 80' lang='lat' dir='ltr'><strong>dicta</strong></span> <span class='ocrx_word' id='word_1_148' title='bbox 1738 1866 2013 1939; x_wconf 81' lang='lat' dir='ltr'><strong>reporta:</strong></span> <span class='ocrx_word' id='word_1_149' title='bbox 2092 1887 2097 1894; x_wconf 92' lang='lat'>·</span> 
     </span>
     <span class='ocr_line' id='line_1_22' title="bbox 427 1940 2097 2026; baseline -0.004 -20.86"><span class='ocrx_word' id='word_1_150' title='bbox 427 1942 628 2019; x_wconf 83' lang='lat' dir='ltr'><strong>Quae</strong></span> <span class='ocrx_word' id='word_1_151' title='bbox 675 1961 806 2005; x_wconf 90' lang='lat' dir='ltr'><strong>sors</strong></span> <span class='ocrx_word' id='word_1_152' title='bbox 849 1946 1002 2006; x_wconf 87' lang='lat' dir='ltr'><strong>iusta</strong></span> <span class='ocrx_word' id='word_1_153' title='bbox 1037 1946 1203 2023; x_wconf 84' lang='lat' dir='ltr'><strong>mihi,</strong></span> <span class='ocrx_word' id='word_1_154' title='bbox 1247 1963 1401 2026; x_wconf 71' lang='lat' dir='ltr'><strong>quae</strong></span> <span class='ocrx_word' id='word_1_155' title='bbox 1441 1959 1577 2005; x_wconf 82' lang='lat' dir='ltr'><strong>non</strong></span> <span class='ocrx_word' id='word_1_156' title='bbox 1605 1942 1893 2006; x_wconf 83' lang='lat' dir='ltr'><strong>indebitus</strong></span> <span class='ocrx_word' id='word_1_157' title='bbox 1935 1940 2097 2004; x_wconf 89' lang='lat' dir='ltr'><strong>annis</strong></span> 
     </span>
     <span class='ocr_line' id='line_1_23' title="bbox 301 2027 1954 2109; baseline -0.001 -21"><span class='ocrx_word' id='word_1_158' title='bbox 301 2030 549 2109; x_wconf 82' lang='lat' dir='ltr'><strong>Sceptra</strong></span> <span class='ocrx_word' id='word_1_159' title='bbox 592 2029 806 2090; x_wconf 85' lang='lat' dir='ltr'><strong>dicavit</strong></span> <span class='ocrx_word' id='word_1_160' title='bbox 846 2028 1068 2106; x_wconf 83' lang='lat' dir='ltr'><strong>honos,</strong></span> <span class='ocrx_word' id='word_1_161' title='bbox 1105 2039 1285 2092; x_wconf 81' lang='lat' dir='ltr'><strong>teneo</strong></span> <span class='ocrx_word' id='word_1_162' title='bbox 1322 2031 1674 2109; x_wconf 80' lang='lat' dir='ltr'><strong>longumque</strong></span> <span class='ocrx_word' id='word_1_163' title='bbox 1717 2027 1954 2089; x_wconf 84' lang='lat' dir='ltr'><strong>tenebo.</strong></span> 
     </span>
     <span class='ocr_line' id='line_1_24' title="bbox 301 2111 2290 2193; baseline 0 -20"><span class='ocrx_word' id='word_1_164' title='bbox 301 2113 385 2174; x_wconf 90' lang='lat' dir='ltr'><strong>Te</strong></span> <span class='ocrx_word' id='word_1_165' title='bbox 427 2132 614 2193; x_wconf 91' lang='lat' dir='ltr'><strong>penes</strong></span> <span class='ocrx_word' id='word_1_166' title='bbox 649 2112 919 2174; x_wconf 85' lang='lat' dir='ltr'><strong>Inachiae</strong></span> <span class='ocrx_word' id='word_1_167' title='bbox 957 2113 1168 2176; x_wconf 76' lang='lat' dir='ltr'><strong>dotalis</strong></span> <span class='ocrx_word' id='word_1_168' title='bbox 1205 2116 1379 2192; x_wconf 76' lang='lat' dir='ltr'><strong>regia</strong></span> <span class='ocrx_word' id='word_1_169' title='bbox 1408 2116 1563 2175; x_wconf 86' lang='lat' dir='ltr'><strong>dono</strong></span> <span class='ocrx_word' id='word_1_170' title='bbox 2068 2129 2073 2138; x_wconf 93' lang='lat'>·</span> <span class='ocrx_word' id='word_1_171' title='bbox 2168 2111 2290 2173; x_wconf 71' lang='grc'><strong>-430</strong></span> 
     </span>
     <span class='ocr_line' id='line_1_25' title="bbox 302 2195 2019 2278; baseline 0.001 -21"><span class='ocrx_word' id='word_1_172' title='bbox 302 2196 616 2275; x_wconf 84' lang='lat' dir='ltr'><strong>Coniugis,</strong></span> <span class='ocrx_word' id='word_1_173' title='bbox 659 2208 718 2258; x_wconf 92' lang='lat' dir='ltr'><strong>et</strong></span> <span class='ocrx_word' id='word_1_174' title='bbox 758 2196 997 2258; x_wconf 80' lang='lat' dir='ltr'><strong>Danaae</strong></span> <span class='ocrx_word' id='word_1_175' title='bbox 1029 2231 1115 2244; x_wconf 85' lang='lat'>—</span> <span class='ocrx_word' id='word_1_176' title='bbox 1156 2199 1294 2278; x_wconf 80' lang='lat' dir='ltr'><strong>quid</strong></span> <span class='ocrx_word' id='word_1_177' title='bbox 1338 2200 1488 2260; x_wconf 88' lang='lat' dir='ltr'><strong>enim</strong></span> <span class='ocrx_word' id='word_1_178' title='bbox 1528 2195 1841 2259; x_wconf 78' lang='lat' dir='ltr'><strong>maioribus</strong></span> <span class='ocrx_word' id='word_1_179' title='bbox 1876 2197 2019 2258; x_wconf 80' lang='lat' dir='ltr'><strong>actis</strong></span> 
     </span>
     <span class='ocr_line' id='line_1_26' title="bbox 299 2279 1935 2363; baseline -0.001 -20"><span class='ocrx_word' id='word_1_180' title='bbox 299 2279 633 2343; x_wconf 78' lang='lat' dir='ltr'><strong>Invideam?</strong></span> <span class='ocrx_word' id='word_1_181' title='bbox 675 2317 758 2326; x_wconf 91' lang='lat'>—</span> <span class='ocrx_word' id='word_1_182' title='bbox 799 2281 1159 2343; x_wconf 87' lang='lat' dir='ltr'><strong>cumulentur</strong></span> <span class='ocrx_word' id='word_1_183' title='bbox 1201 2297 1382 2363; x_wconf 87' lang='lat' dir='ltr'><strong>opes;</strong></span> <span class='ocrx_word' id='word_1_184' title='bbox 1419 2282 1692 2344; x_wconf 81' lang='lat' dir='ltr'><strong>felicibus</strong></span> <span class='ocrx_word' id='word_1_185' title='bbox 1728 2281 1935 2360; x_wconf 79' lang='lat' dir='ltr'><strong>Argos·</strong></span> 
     </span>
     <span class='ocr_line' id='line_1_27' title="bbox 298 2365 1921 2446; baseline 0.001 -20"><span class='ocrx_word' id='word_1_186' title='bbox 298 2368 593 2446; x_wconf 82' lang='lat' dir='ltr'><strong>Auspiciis</strong></span> <span class='ocrx_word' id='word_1_187' title='bbox 633 2365 995 2445; x_wconf 76' lang='lat' dir='ltr'><strong>Lernamque</strong></span> <span class='ocrx_word' id='word_1_188' title='bbox 1037 2384 1247 2445; x_wconf 78' lang='lat' dir='ltr'><strong>regas:</strong></span> <span class='ocrx_word' id='word_1_189' title='bbox 1285 2385 1393 2428; x_wconf 87' lang='lat' dir='ltr'><strong>nos</strong></span> <span class='ocrx_word' id='word_1_190' title='bbox 1430 2366 1671 2430; x_wconf 78' lang='lat' dir='ltr'><strong>horrida</strong></span> <span class='ocrx_word' id='word_1_191' title='bbox 1708 2366 1921 2428; x_wconf 85' lang='lat' dir='ltr'><strong>Dirces</strong></span> 
     </span>
     <span class='ocr_line' id='line_1_28' title="bbox 296 2449 1730 2528; baseline 0 -17"><span class='ocrx_word' id='word_1_192' title='bbox 296 2452 517 2512; x_wconf 90' lang='lat' dir='ltr'><strong>Pascua</strong></span> <span class='ocrx_word' id='word_1_193' title='bbox 559 2460 617 2512; x_wconf 89' lang='lat' dir='ltr'><strong>et</strong></span> <span class='ocrx_word' id='word_1_194' title='bbox 649 2449 927 2511; x_wconf 87' lang='lat' dir='ltr'><strong>Euboicis</strong></span> <span class='ocrx_word' id='word_1_195' title='bbox 971 2460 1222 2514; x_wconf 88' lang='lat' dir='ltr'><strong>arctatas</strong></span> <span class='ocrx_word' id='word_1_196' title='bbox 1261 2451 1530 2513; x_wconf 84' lang='lat' dir='ltr'><strong>fluctibns</strong></span> <span class='ocrx_word' id='word_1_197' title='bbox 1574 2469 1730 2528; x_wconf 85' lang='lat' dir='ltr'><strong>oras,</strong></span> 
     </span>
     <span class='ocr_line' id='line_1_29' title="bbox 296 2535 2287 2617; baseline 0 -22"><span class='ocrx_word' id='word_1_198' title='bbox 296 2535 431 2596; x_wconf 87' lang='lat' dir='ltr'><strong>Non</strong></span> <span class='ocrx_word' id='word_1_199' title='bbox 472 2536 746 2613; x_wconf 82' lang='lat' dir='ltr'><strong>indignati</strong></span> <span class='ocrx_word' id='word_1_200' title='bbox 788 2538 1058 2597; x_wconf 84' lang='lat' dir='ltr'><strong>miserum</strong></span> <span class='ocrx_word' id='word_1_201' title='bbox 1098 2537 1317 2597; x_wconf 82' lang='lat' dir='ltr'><strong>dixisse</strong></span> <span class='ocrx_word' id='word_1_202' title='bbox 1351 2545 1652 2617; x_wconf 73' lang='lat' dir='ltr'><strong>parentem</strong></span> <span class='ocrx_word' id='word_1_203' title='bbox 1938 2573 1945 2582; x_wconf 88' lang='lat'><strong>·</strong></span> <span class='ocrx_word' id='word_1_204' title='bbox 2154 2540 2287 2596; x_wconf 77' lang='lat'><strong>-435</strong></span> 
     </span>
     <span class='ocr_line' id='line_1_30' title="bbox 299 2617 2200 2702; baseline -0.001 -23"><span class='ocrx_word' id='word_1_205' title='bbox 299 2619 672 2698; x_wconf 87' lang='lat' dir='ltr'><strong>Oedipoden:</strong></span> <span class='ocrx_word' id='word_1_206' title='bbox 719 2619 822 2682; x_wconf 88' lang='lat' dir='ltr'><strong>tibi</strong></span> <span class='ocrx_word' id='word_1_207' title='bbox 864 2620 1026 2699; x_wconf 79' lang='lat' dir='ltr'><strong>larga</strong></span> <span class='ocrx_word' id='word_1_208' title='bbox 1068 2655 1152 2667; x_wconf 83' lang='lat'><strong>——</strong></span> <span class='ocrx_word' id='word_1_209' title='bbox 1189 2621 1408 2702; x_wconf 83' lang='lat' dir='ltr'><strong>Pelops</strong></span> <span class='ocrx_word' id='word_1_210' title='bbox 1456 2631 1517 2682; x_wconf 85' lang='lat' dir='ltr'><strong>et</strong></span> <span class='ocrx_word' id='word_1_211' title='bbox 1550 2617 1826 2681; x_wconf 83' lang='lat' dir='ltr'><strong>Tantalus</strong></span> <span class='ocrx_word' id='word_1_212' title='bbox 1855 2626 2075 2679; x_wconf 65' lang='lat' dir='ltr'><strong>auctor</strong></span> <span class='ocrx_word' id='word_1_213' title='bbox 2115 2651 2200 2663; x_wconf 86' lang='lat'><strong>——</strong></span> 
     </span>
     <span class='ocr_line' id='line_1_31' title="bbox 294 2703 1875 2785; baseline 0.001 -22"><span class='ocrx_word' id='word_1_214' title='bbox 294 2703 616 2782; x_wconf 86' lang='lat' dir='ltr'><strong>Nobilitas,</strong></span> <span class='ocrx_word' id='word_1_215' title='bbox 664 2706 1020 2785; x_wconf 86' lang='lat' dir='ltr'><strong>propiorque</strong></span> <span class='ocrx_word' id='word_1_216' title='bbox 1062 2706 1201 2766; x_wconf 88' lang='lat' dir='ltr'><strong>fluat</strong></span> <span class='ocrx_word' id='word_1_217' title='bbox 1240 2707 1316 2767; x_wconf 90' lang='lat' dir='ltr'><strong>de</strong></span> <span class='ocrx_word' id='word_1_218' title='bbox 1359 2706 1638 2784; x_wconf 78' lang='lat' dir='ltr'><strong>sanguine</strong></span> <span class='ocrx_word' id='word_1_219' title='bbox 1677 2705 1875 2764; x_wconf 84' lang='lat' dir='ltr'><strong>iuncto</strong></span> 
     </span>
     <span class='ocr_line' id='line_1_32' title="bbox 296 2788 1806 2868; baseline -0.001 -18"><span class='ocrx_word' id='word_1_220' title='bbox 296 2788 574 2868; x_wconf 92' lang='lat' dir='ltr'><strong>Iuppiter.</strong></span> <span class='ocrx_word' id='word_1_221' title='bbox 662 2789 828 2849; x_wconf 79' lang='lat' dir='ltr'><strong>Anne</strong></span> <span class='ocrx_word' id='word_1_222' title='bbox 869 2790 1024 2850; x_wconf 88' lang='lat' dir='ltr'><strong>feret</strong></span> <span class='ocrx_word' id='word_1_223' title='bbox 1061 2789 1201 2849; x_wconf 85' lang='lat' dir='ltr'><strong>luxu</strong></span> <span class='ocrx_word' id='word_1_224' title='bbox 1238 2800 1520 2851; x_wconf 84' lang='lat' dir='ltr'><strong>consueta</strong></span> <span class='ocrx_word' id='word_1_225' title='bbox 1561 2797 1806 2868; x_wconf 79' lang='lat' dir='ltr'><strong>paterno</strong></span> 
     </span>
     <span class='ocr_line' id='line_1_33' title="bbox 295 2870 2197 2951; baseline 0 -18"><span class='ocrx_word' id='word_1_226' title='bbox 295 2873 459 2934; x_wconf 85' lang='lat' dir='ltr'><strong>Hunc</strong></span> <span class='ocrx_word' id='word_1_227' title='bbox 498 2873 700 2951; x_wconf 83' lang='lat' dir='ltr'><strong>regina</strong></span> <span class='ocrx_word' id='word_1_228' title='bbox 740 2870 962 2935; x_wconf 77' lang='lat' dir='ltr'><strong>larem?</strong></span> <span class='ocrx_word' id='word_1_229' title='bbox 1000 2882 1235 2934; x_wconf 86' lang='lat' dir='ltr'><strong>nostrae</strong></span> <span class='ocrx_word' id='word_1_230' title='bbox 1276 2876 1368 2935; x_wconf 89' lang='lat' dir='ltr'><strong>cui</strong></span> <span class='ocrx_word' id='word_1_231' title='bbox 1410 2876 1536 2935; x_wconf 86' lang='lat' dir='ltr'><strong>iure</strong></span> <span class='ocrx_word' id='word_1_232' title='bbox 1575 2889 1818 2934; x_wconf 70' lang='lat' dir='ltr'><strong>sorores</strong></span> <span class='ocrx_word' id='word_1_233' title='bbox 2194 2915 2197 2920; x_wconf 91' lang='lat'>-</span> 
     </span>
     <span class='ocr_line' id='line_1_34' title="bbox 296 2954 2287 3037; baseline 0.001 -20"><span class='ocrx_word' id='word_1_234' title='bbox 296 2958 484 3019; x_wconf 85' lang='lat' dir='ltr'><strong>Anxia</strong></span> <span class='ocrx_word' id='word_1_235' title='bbox 526 2976 708 3037; x_wconf 90' lang='lat' dir='ltr'><strong>pensa</strong></span> <span class='ocrx_word' id='word_1_236' title='bbox 749 2954 1009 3019; x_wconf 77' lang='lat' dir='ltr'><strong>trahant?</strong></span> <span class='ocrx_word' id='word_1_237' title='bbox 1051 2956 1228 3036; x_wconf 83' lang='lat' dir='ltr'><strong>longo</strong></span> <span class='ocrx_word' id='word_1_238' title='bbox 1267 2975 1437 3037; x_wconf 75' lang='lat' dir='ltr'><strong>qaam</strong></span> <span class='ocrx_word' id='word_1_239' title='bbox 1468 2957 1704 3021; x_wconf 76' lang='lat' dir='ltr'><strong>sordida</strong></span> <span class='ocrx_word' id='word_1_240' title='bbox 1744 2957 1903 3018; x_wconf 74' lang='lat' dir='ltr'><strong>luctu</strong></span> <span class='ocrx_word' id='word_1_241' title='bbox 2177 2963 2287 3019; x_wconf 75' lang='lat'><strong>440</strong></span> 
     </span>
     <span class='ocr_line' id='line_1_35' title="bbox 293 3041 1665 3119; baseline 0.001 -17"><span class='ocrx_word' id='word_1_242' title='bbox 293 3041 512 3119; x_wconf 81' lang='lat' dir='ltr'><strong>Mater,</strong></span> <span class='ocrx_word' id='word_1_243' title='bbox 561 3052 621 3103; x_wconf 95' lang='lat' dir='ltr'><strong>et</strong></span> <span class='ocrx_word' id='word_1_244' title='bbox 658 3061 734 3103; x_wconf 86' lang='lat' dir='ltr'><strong>ex</strong></span> <span class='ocrx_word' id='word_1_245' title='bbox 770 3042 898 3101; x_wconf 90' lang='lat' dir='ltr'><strong>imis</strong></span> <span class='ocrx_word' id='word_1_246' title='bbox 941 3041 1166 3106; x_wconf 78' lang='lat' dir='ltr'><strong>auditus</strong></span> <span class='ocrx_word' id='word_1_247' title='bbox 1208 3043 1362 3104; x_wconf 84' lang='lat' dir='ltr'><strong>forte</strong></span> <span class='ocrx_word' id='word_1_248' title='bbox 1403 3042 1665 3104; x_wconf 71' lang='lat' dir='ltr'><strong>tenebris</strong></span> 
     </span>
     <span class='ocr_line' id='line_1_36' title="bbox 296 3087 1849 3214; baseline -0.001 -28"><span class='ocrx_word' id='word_1_249' title='bbox 296 3087 563 3188; x_wconf 64' lang='lat' dir='ltr'><strong>Offend’at</strong></span> <span class='ocrx_word' id='word_1_250' title='bbox 604 3143 783 3188; x_wconf 84' lang='lat' dir='ltr'><strong>socer</strong></span> <span class='ocrx_word' id='word_1_251' title='bbox 824 3126 928 3188; x_wconf 90' lang='lat' dir='ltr'><strong>ille</strong></span> <span class='ocrx_word' id='word_1_252' title='bbox 970 3143 1171 3187; x_wconf 76' lang='lat' dir='ltr'><strong>senex.</strong></span> <span class='ocrx_word' id='word_1_253' title='bbox 1240 3126 1360 3188; x_wconf 82' lang='lat' dir='ltr'><strong>Iam</strong></span> <span class='ocrx_word' id='word_1_254' title='bbox 1398 3137 1646 3214; x_wconf 80' lang='lat' dir='ltr'><strong>pectora</strong></span> <span class='ocrx_word' id='word_1_255' title='bbox 1684 3125 1849 3205; x_wconf 77' lang='lat' dir='ltr'><strong>vulgi</strong></span> 
     </span>
     <span class='ocr_line' id='line_1_37' title="bbox 293 3205 2009 3292; baseline 0.001 -21"><span class='ocrx_word' id='word_1_256' title='bbox 293 3211 631 3272; x_wconf 81' lang='lat' dir='ltr'><strong>Assuevere</strong></span> <span class='ocrx_word' id='word_1_257' title='bbox 671 3212 844 3289; x_wconf 84' lang='lat' dir='ltr'><strong>iugo.</strong></span> <span class='ocrx_word' id='word_1_258' title='bbox 888 3210 1066 3291; x_wconf 87' lang='lat' dir='ltr'><strong>pudet</strong></span> <span class='ocrx_word' id='word_1_259' title='bbox 1101 3209 1260 3272; x_wconf 83' lang='lat' dir='ltr'><strong>heu!</strong></span> <span class='ocrx_word' id='word_1_260' title='bbox 1288 3205 1600 3292; x_wconf 82' lang='lat' dir='ltr'><strong>plebisque</strong></span> <span class='ocrx_word' id='word_1_261' title='bbox 1647 3220 2009 3292; x_wconf 82' lang='lat' dir='ltr'><strong>patrumque,</strong></span> 
     </span>
     <span class='ocr_line' id='line_1_38' title="bbox 291 3291 1845 3377; baseline 0.003 -23"><span class='ocrx_word' id='word_1_262' title='bbox 291 3294 383 3354; x_wconf 88' lang='lat' dir='ltr'><strong>Ne</strong></span> <span class='ocrx_word' id='word_1_263' title='bbox 425 3297 638 3356; x_wconf 88' lang='lat' dir='ltr'><strong>totiens</strong></span> <span class='ocrx_word' id='word_1_264' title='bbox 679 3297 900 3357; x_wconf 84' lang='lat' dir='ltr'><strong>incerta</strong></span> <span class='ocrx_word' id='word_1_265' title='bbox 942 3296 1130 3357; x_wconf 77' lang='lat' dir='ltr'><strong>ferant</strong></span> <span class='ocrx_word' id='word_1_266' title='bbox 1165 3291 1505 3377; x_wconf 71' lang='lat' dir='ltr'><strong>&#39;mutentque</strong></span> <span class='ocrx_word' id='word_1_267' title='bbox 1543 3305 1845 3375; x_wconf 73' lang='lat' dir='ltr'><strong>gementes</strong></span> 
     </span>
     <span class='ocr_line' id='line_1_39' title="bbox 291 3378 2281 3461; baseline 0.002 -21"><span class='ocrx_word' id='word_1_268' title='bbox 291 3378 540 3459; x_wconf 62' lang='lat' dir='ltr'><strong>Mperia</strong></span> <span class='ocrx_word' id='word_1_269' title='bbox 579 3388 639 3441; x_wconf 92' lang='lat' dir='ltr'><strong>et</strong></span> <span class='ocrx_word' id='word_1_270' title='bbox 679 3378 854 3441; x_wconf 87' lang='lat' dir='ltr'><strong>dubio</strong></span> <span class='ocrx_word' id='word_1_271' title='bbox 891 3382 1090 3461; x_wconf 75' lang='lat' dir='ltr'><strong>pigeat</strong></span> <span class='ocrx_word' id='word_1_272' title='bbox 1129 3397 1341 3461; x_wconf 80' lang='lat' dir='ltr'><strong>parere</strong></span> <span class='ocrx_word' id='word_1_273' title='bbox 1375 3391 1637 3459; x_wconf 66' lang='lat' dir='ltr'><strong>tyranno.</strong></span> <span class='ocrx_word' id='word_1_274' title='bbox 2175 3390 2281 3443; x_wconf 69' lang='lat'><strong>445</strong></span> 
     </span>
    </p>
   </div>
  </div>
 </body>
</html>
