<?xml version="1.0" encoding="UTF-8"?>
<!DOCTYPE html PUBLIC "-//W3C//DTD XHTML 1.0 Transitional//EN"
    "http://www.w3.org/TR/xhtml1/DTD/xhtml1-transitional.dtd">
<html xmlns="http://www.w3.org/1999/xhtml" xml:lang="en" lang="en">
 <head>
  <title>
</title>
<meta http-equiv="Content-Type" content="text/html;charset=utf-8" />
  <meta name='ocr-system' content='tesseract 3.04.00' />
  <meta name='ocr-capabilities' content='ocr_page ocr_carea ocr_par ocr_line ocrx_word'/>
</head>
<body>
  <div class='ocr_page' id='page_1' title='image "./ppapiniusstatiu00placgoog_0503.png"; bbox 0 0 2517 3909; ppageno 0'>
   <div class='ocr_carea' id='block_1_1' title="bbox 832 107 2215 170">
    <p class='ocr_par' dir='ltr' id='par_1_1' title="bbox 832 107 2215 170">
     <span class='ocr_line' id='line_1_1' title="bbox 832 107 2215 170; baseline 0.001 -2"><span class='ocrx_word' id='word_1_1' title='bbox 832 120 1231 169; x_wconf 71' lang='lat' dir='ltr'><strong>THEBAmos</strong></span> <span class='ocrx_word' id='word_1_2' title='bbox 1266 120 1404 167; x_wconf 73' lang='lat' dir='ltr'><strong>mn.</strong></span> <span class='ocrx_word' id='word_1_3' title='bbox 1441 119 1539 168; x_wconf 79' lang='lat' dir='ltr'><strong>lx.</strong></span> <span class='ocrx_word' id='word_1_4' title='bbox 2092 107 2215 170; x_wconf 81' lang='lat'><strong>203</strong></span> 
     </span>
    </p>
   </div>
   <div class='ocr_carea' id='block_1_2' title="bbox 167 275 2222 3482">
    <p class='ocr_par' dir='ltr' id='par_1_2' title="bbox 167 275 2222 3482">
     <span class='ocr_line' id='line_1_2' title="bbox 349 275 2022 354; baseline 0.001 -18"><span class='ocrx_word' id='word_1_5' title='bbox 349 275 678 337; x_wconf 84' lang='lat' dir='ltr'><strong>Iamdudum</strong></span> <span class='ocrx_word' id='word_1_6' title='bbox 711 275 864 336; x_wconf 85' lang='lat' dir='ltr'><strong>hunc</strong></span> <span class='ocrx_word' id='word_1_7' title='bbox 907 285 1108 337; x_wconf 88' lang='lat' dir='ltr'><strong>contra</strong></span> <span class='ocrx_word' id='word_1_8' title='bbox 1158 277 1403 338; x_wconf 88' lang='lat' dir='ltr'><strong>stimulis</strong></span> <span class='ocrx_word' id='word_1_9' title='bbox 1447 276 1815 354; x_wconf 78' lang='lat' dir='ltr'><strong>gravioribus</strong></span> <span class='ocrx_word' id='word_1_10' title='bbox 1857 278 2022 339; x_wconf 89' lang='lat' dir='ltr'><strong>ardet</strong></span> 
     </span>
     <span class='ocr_line' id='line_1_3' title="bbox 222 359 1855 440; baseline -0.001 -18"><span class='ocrx_word' id='word_1_11' title='bbox 222 361 380 423; x_wconf 83' lang='lat' dir='ltr'><strong>Trux</strong></span> <span class='ocrx_word' id='word_1_12' title='bbox 414 360 846 436; x_wconf 75' lang='lat' dir='ltr'><strong>AtalantiadeS,</strong></span> <span class='ocrx_word' id='word_1_13' title='bbox 891 359 1136 422; x_wconf 89' lang='lat' dir='ltr'><strong>necdum</strong></span> <span class='ocrx_word' id='word_1_14' title='bbox 1171 362 1275 422; x_wconf 90' lang='lat' dir='ltr'><strong>ille</strong></span> <span class='ocrx_word' id='word_1_15' title='bbox 1320 363 1655 440; x_wconf 77' lang='lat' dir='ltr'><strong>quieverat,</strong></span> <span class='ocrx_word' id='word_1_16' title='bbox 1700 362 1855 422; x_wconf 79' lang='lat' dir='ltr'><strong>iniit:</strong></span> 
     </span>
     <span class='ocr_line' id='line_1_4' title="bbox 224 444 2217 524; baseline 0.003 -18"><span class='ocrx_word' id='word_1_17' title='bbox 224 448 408 507; x_wconf 74' lang='lat' dir='ltr'><strong>‘Sera</strong></span> <span class='ocrx_word' id='word_1_18' title='bbox 452 447 623 505; x_wconf 90' lang='lat' dir='ltr'><strong>etiam</strong></span> <span class='ocrx_word' id='word_1_19' title='bbox 662 447 720 504; x_wconf 91' lang='lat' dir='ltr'><strong>in</strong></span> <span class='ocrx_word' id='word_1_20' title='bbox 760 444 1023 521; x_wconf 87' lang='lat' dir='ltr'><strong>Thebas,</strong></span> <span class='ocrx_word' id='word_1_21' title='bbox 1067 463 1305 524; x_wconf 90' lang='lat' dir='ltr'><strong>quarum</strong></span> <span class='ocrx_word' id='word_1_22' title='bbox 1341 446 1436 506; x_wconf 89' lang='lat' dir='ltr'><strong>hic</strong></span> <span class='ocrx_word' id='word_1_23' title='bbox 1481 447 1808 522; x_wconf 84' lang='lat' dir='ltr'><strong>exercitus,</strong></span> <span class='ocrx_word' id='word_1_24' title='bbox 1850 465 2005 509; x_wconf 88' lang='lat' dir='ltr'><strong>arma</strong></span> <span class='ocrx_word' id='word_1_25' title='bbox 2113 456 2217 513; x_wconf 83' lang='lat'><strong>790</strong></span> 
     </span>
     <span class='ocr_line' id='line_1_5' title="bbox 218 529 1880 609; baseline 0 -18"><span class='ocrx_word' id='word_1_26' title='bbox 218 531 497 596; x_wconf 88' lang='lat' dir='ltr'><strong>Profero;</strong></span> <span class='ocrx_word' id='word_1_27' title='bbox 545 531 803 608; x_wconf 86' lang='lat' dir='ltr'><strong>quisnam</strong></span> <span class='ocrx_word' id='word_1_28' title='bbox 846 530 995 590; x_wconf 84' lang='lat' dir='ltr'><strong>adeo</strong></span> <span class='ocrx_word' id='word_1_29' title='bbox 1039 548 1219 609; x_wconf 88' lang='lat' dir='ltr'><strong>puer,</strong></span> <span class='ocrx_word' id='word_1_30' title='bbox 1265 539 1328 590; x_wconf 89' lang='lat' dir='ltr'><strong>ut</strong></span> <span class='ocrx_word' id='word_1_31' title='bbox 1371 529 1597 591; x_wconf 89' lang='lat' dir='ltr'><strong>bellare</strong></span> <span class='ocrx_word' id='word_1_32' title='bbox 1640 540 1880 591; x_wconf 87' lang='lat' dir='ltr'><strong>recuset</strong></span> 
     </span>
     <span class='ocr_line' id='line_1_6' title="bbox 221 611 1916 693; baseline -0.001 -16"><span class='ocrx_word' id='word_1_33' title='bbox 221 611 502 677; x_wconf 78' lang='lat' dir='ltr'><strong>Talibus?</strong></span> <span class='ocrx_word' id='word_1_34' title='bbox 545 613 836 675; x_wconf 81' lang='lat' dir='ltr'><strong>Arcadiae</strong></span> <span class='ocrx_word' id='word_1_35' title='bbox 880 616 1120 693; x_wconf 78' lang='lat' dir='ltr'><strong>stirpem</strong></span> <span class='ocrx_word' id='word_1_36' title='bbox 1166 625 1225 675; x_wconf 90' lang='lat' dir='ltr'><strong>et</strong></span> <span class='ocrx_word' id='word_1_37' title='bbox 1265 615 1394 675; x_wconf 91' lang='lat' dir='ltr'><strong>fera</strong></span> <span class='ocrx_word' id='word_1_38' title='bbox 1441 615 1660 674; x_wconf 87' lang='lat' dir='ltr'><strong>semina</strong></span> <span class='ocrx_word' id='word_1_39' title='bbox 1704 616 1916 692; x_wconf 77' lang='lat' dir='ltr'><strong>gentis,</strong></span> 
     </span>
     <span class='ocr_line' id='line_1_7' title="bbox 216 697 1802 768; baseline 0 -8"><span class='ocrx_word' id='word_1_40' title='bbox 216 700 352 760; x_wconf 91' lang='lat' dir='ltr'><strong>Non</strong></span> <span class='ocrx_word' id='word_1_41' title='bbox 387 697 662 759; x_wconf 89' lang='lat' dir='ltr'><strong>Thebana</strong></span> <span class='ocrx_word' id='word_1_42' title='bbox 702 699 898 768; x_wconf 87' lang='lat' dir='ltr'><strong>vides;</strong></span> <span class='ocrx_word' id='word_1_43' title='bbox 938 716 1055 759; x_wconf 90' lang='lat' dir='ltr'><strong>non</strong></span> <span class='ocrx_word' id='word_1_44' title='bbox 1095 717 1188 758; x_wconf 87' lang='lat' dir='ltr'><strong>me</strong></span> <span class='ocrx_word' id='word_1_45' title='bbox 1236 698 1344 759; x_wconf 83' lang='lat' dir='ltr'><strong>sub</strong></span> <span class='ocrx_word' id='word_1_46' title='bbox 1391 709 1567 759; x_wconf 87' lang='lat' dir='ltr'><strong>nocte</strong></span> <span class='ocrx_word' id='word_1_47' title='bbox 1609 700 1802 761; x_wconf 80' lang='lat' dir='ltr'><strong>silenti</strong></span> 
     </span>
     <span class='ocr_line' id='line_1_8' title="bbox 213 782 1605 860; baseline -0.002 -15"><span class='ocrx_word' id='word_1_48' title='bbox 213 784 409 860; x_wconf 78' lang='lat' dir='ltr'><strong>Thyas</strong></span> <span class='ocrx_word' id='word_1_49' title='bbox 455 782 739 844; x_wconf 89' lang='lat' dir='ltr'><strong>Echionio</strong></span> <span class='ocrx_word' id='word_1_50' title='bbox 780 785 1052 860; x_wconf 80' lang='lat' dir='ltr'><strong>genetrix</strong></span> <span class='ocrx_word' id='word_1_51' title='bbox 1095 783 1367 844; x_wconf 80' lang='lat' dir='ltr'><strong>famulata</strong></span> <span class='ocrx_word' id='word_1_52' title='bbox 1407 783 1605 859; x_wconf 79' lang='lat' dir='ltr'><strong>Lyaeo</strong></span> 
     </span>
     <span class='ocr_line' id='line_1_9' title="bbox 214 866 2216 946; baseline 0.002 -16"><span class='ocrx_word' id='word_1_53' title='bbox 214 867 445 937; x_wconf 77' lang='lat' dir='ltr'><strong>Edidit,</strong></span> <span class='ocrx_word' id='word_1_54' title='bbox 482 867 632 928; x_wconf 87' lang='lat' dir='ltr'><strong>haud</strong></span> <span class='ocrx_word' id='word_1_55' title='bbox 672 884 937 946; x_wconf 89' lang='lat' dir='ltr'><strong>umquam</strong></span> <span class='ocrx_word' id='word_1_56' title='bbox 979 866 1274 929; x_wconf 82' lang='lat' dir='ltr'><strong>deformes</strong></span> <span class='ocrx_word' id='word_1_57' title='bbox 1315 870 1541 930; x_wconf 85' lang='lat' dir='ltr'><strong>vertice</strong></span> <span class='ocrx_word' id='word_1_58' title='bbox 1584 869 1782 930; x_wconf 86' lang='lat' dir='ltr'><strong>mitras</strong></span> <span class='ocrx_word' id='word_1_59' title='bbox 2114 879 2216 935; x_wconf 81' lang='lat'><strong>795</strong></span> 
     </span>
     <span class='ocr_line' id='line_1_10' title="bbox 212 952 1680 1031; baseline -0.003 -16"><span class='ocrx_word' id='word_1_60' title='bbox 212 953 505 1016; x_wconf 86' lang='lat' dir='ltr'><strong>Induimus</strong></span> <span class='ocrx_word' id='word_1_61' title='bbox 541 952 813 1031; x_wconf 87' lang='lat' dir='ltr'><strong>turpique</strong></span> <span class='ocrx_word' id='word_1_62' title='bbox 856 970 1023 1013; x_wconf 85' lang='lat' dir='ltr'><strong>manu</strong></span> <span class='ocrx_word' id='word_1_63' title='bbox 1061 954 1399 1013; x_wconf 85' lang='lat' dir='ltr'><strong>iactavimus</strong></span> <span class='ocrx_word' id='word_1_64' title='bbox 1440 953 1680 1013; x_wconf 84' lang='lat' dir='ltr'><strong>hastam.</strong></span> 
     </span>
     <span class='ocr_line' id='line_1_11' title="bbox 215 1037 1720 1116; baseline -0.002 -17"><span class='ocrx_word' id='word_1_65' title='bbox 215 1039 483 1099; x_wconf 89' lang='lat' dir='ltr'><strong>Protinus</strong></span> <span class='ocrx_word' id='word_1_66' title='bbox 523 1037 834 1098; x_wconf 87' lang='lat' dir='ltr'><strong>adstrictos</strong></span> <span class='ocrx_word' id='word_1_67' title='bbox 870 1037 1045 1098; x_wconf 88' lang='lat' dir='ltr'><strong>didici</strong></span> <span class='ocrx_word' id='word_1_68' title='bbox 1086 1046 1324 1116; x_wconf 84' lang='lat' dir='ltr'><strong>reptare</strong></span> <span class='ocrx_word' id='word_1_69' title='bbox 1367 1054 1480 1116; x_wconf 87' lang='lat' dir='ltr'><strong>per</strong></span> <span class='ocrx_word' id='word_1_70' title='bbox 1520 1054 1720 1097; x_wconf 86' lang='lat' dir='ltr'><strong>amnes</strong></span> 
     </span>
     <span class='ocr_line' id='line_1_12' title="bbox 218 1121 1870 1199; baseline -0.002 -15"><span class='ocrx_word' id='word_1_71' title='bbox 218 1123 674 1199; x_wconf 87' lang='lat' dir='ltr'><strong>Horrendasque</strong></span> <span class='ocrx_word' id='word_1_72' title='bbox 715 1121 923 1182; x_wconf 82' lang='lat' dir='ltr'><strong>domos</strong></span> <span class='ocrx_word' id='word_1_73' title='bbox 964 1138 1299 1199; x_wconf 84' lang='lat' dir='ltr'><strong>magnarum</strong></span> <span class='ocrx_word' id='word_1_74' title='bbox 1335 1122 1551 1182; x_wconf 83' lang='lat' dir='ltr'><strong>intrare</strong></span> <span class='ocrx_word' id='word_1_75' title='bbox 1596 1122 1870 1197; x_wconf 88' lang='lat' dir='ltr'><strong>ferarum,</strong></span> 
     </span>
     <span class='ocr_line' id='line_1_13' title="bbox 216 1203 2115 1286; baseline -0.002 -18"><span class='ocrx_word' id='word_1_76' title='bbox 216 1206 294 1268; x_wconf 87' lang='lat' dir='ltr'><strong>Et</strong></span> <span class='ocrx_word' id='word_1_77' title='bbox 337 1207 473 1286; x_wconf 87' lang='lat' dir='ltr'><strong>quid</strong></span> <span class='ocrx_word' id='word_1_78' title='bbox 515 1206 683 1284; x_wconf 88' lang='lat' dir='ltr'><strong>plura</strong></span> <span class='ocrx_word' id='word_1_79' title='bbox 725 1203 974 1285; x_wconf 79' lang='lat' dir='ltr'><strong>loquar?</strong></span> <span class='ocrx_word' id='word_1_80' title='bbox 1014 1240 1099 1252; x_wconf 88' lang='lat'><strong>—-</strong></span> <span class='ocrx_word' id='word_1_81' title='bbox 1137 1206 1355 1266; x_wconf 78' lang='lat' dir='ltr'><strong>ferrum</strong></span> <span class='ocrx_word' id='word_1_82' title='bbox 1395 1223 1525 1266; x_wconf 88' lang='lat' dir='ltr'><strong>mea</strong></span> <span class='ocrx_word' id='word_1_83' title='bbox 1570 1224 1808 1285; x_wconf 85' lang='lat' dir='ltr'><strong>semper</strong></span> <span class='ocrx_word' id='word_1_84' title='bbox 1846 1214 1906 1265; x_wconf 87' lang='lat' dir='ltr'><strong>et</strong></span> <span class='ocrx_word' id='word_1_85' title='bbox 1945 1222 2115 1266; x_wconf 88' lang='lat' dir='ltr'><strong>arcus</strong></span> 
     </span>
     <span class='ocr_line' id='line_1_14' title="bbox 216 1289 2218 1369; baseline 0.001 -17"><span class='ocrx_word' id='word_1_86' title='bbox 216 1290 406 1352; x_wconf 81' lang='lat' dir='ltr'><strong>Mater</strong></span> <span class='ocrx_word' id='word_1_87' title='bbox 444 1289 655 1366; x_wconf 90' lang='lat' dir='ltr'><strong>habet,</strong></span> <span class='ocrx_word' id='word_1_88' title='bbox 691 1292 873 1351; x_wconf 80' lang='lat' dir='ltr'><strong>vestri</strong></span> <span class='ocrx_word' id='word_1_89' title='bbox 917 1291 1129 1352; x_wconf 88' lang='lat' dir='ltr'><strong>feriunt</strong></span> <span class='ocrx_word' id='word_1_90' title='bbox 1172 1309 1318 1352; x_wconf 88' lang='lat' dir='ltr'><strong>cava</strong></span> <span class='ocrx_word' id='word_1_91' title='bbox 1357 1300 1629 1369; x_wconf 75' lang='lat' dir='ltr'><strong>tympana</strong></span> <span class='ocrx_word' id='word_1_92' title='bbox 1672 1294 1919 1369; x_wconf 65' lang='lat' dir='ltr'><strong>patres?</strong></span> <span class='ocrx_word' id='word_1_93' title='bbox 2100 1301 2218 1369; x_wconf 8' lang='lat'><strong>,800</strong></span> 
     </span>
     <span class='ocr_line' id='line_1_15' title="bbox 220 1374 1887 1455; baseline -0.001 -18"><span class='ocrx_word' id='word_1_94' title='bbox 220 1375 353 1437; x_wconf 89' lang='lat' dir='ltr'><strong>Non</strong></span> <span class='ocrx_word' id='word_1_95' title='bbox 391 1374 518 1435; x_wconf 91' lang='lat' dir='ltr'><strong>tulit</strong></span> <span class='ocrx_word' id='word_1_96' title='bbox 551 1374 843 1453; x_wconf 85' lang='lat' dir='ltr'><strong>Amphion</strong></span> <span class='ocrx_word' id='word_1_97' title='bbox 878 1375 1212 1454; x_wconf 88' lang='lat' dir='ltr'><strong>vultumque</strong></span> <span class='ocrx_word' id='word_1_98' title='bbox 1252 1385 1313 1435; x_wconf 88' lang='lat' dir='ltr'><strong>et</strong></span> <span class='ocrx_word' id='word_1_99' title='bbox 1357 1377 1415 1435; x_wconf 91' lang='lat' dir='ltr'><strong>in</strong></span> <span class='ocrx_word' id='word_1_100' title='bbox 1451 1392 1554 1436; x_wconf 88' lang='lat' dir='ltr'><strong>ora</strong></span> <span class='ocrx_word' id='word_1_101' title='bbox 1592 1375 1887 1455; x_wconf 87' lang='lat' dir='ltr'><strong>loquentis</strong></span> 
     </span>
     <span class='ocr_line' id='line_1_16' title="bbox 167 1459 1670 1535; baseline 0.001 -18"><span class='ocrx_word' id='word_1_102' title='bbox 167 1513 172 1517; x_wconf 79' lang='grc'><em>.</em></span> <span class='ocrx_word' id='word_1_103' title='bbox 221 1460 425 1521; x_wconf 92' lang='lat' dir='ltr'><strong>Telum</strong></span> <span class='ocrx_word' id='word_1_104' title='bbox 462 1460 688 1519; x_wconf 84' lang='lat' dir='ltr'><strong>inmane</strong></span> <span class='ocrx_word' id='word_1_105' title='bbox 727 1467 916 1535; x_wconf 87' lang='lat' dir='ltr'><strong>rotat,</strong></span> <span class='ocrx_word' id='word_1_106' title='bbox 960 1460 1066 1520; x_wconf 86' lang='lat' dir='ltr'><strong>sed</strong></span> <span class='ocrx_word' id='word_1_107' title='bbox 1108 1460 1250 1519; x_wconf 88' lang='lat' dir='ltr'><strong>ferri</strong></span> <span class='ocrx_word' id='word_1_108' title='bbox 1297 1460 1508 1520; x_wconf 87' lang='lat' dir='ltr'><strong>lumine</strong></span> <span class='ocrx_word' id='word_1_109' title='bbox 1544 1459 1670 1520; x_wconf 89' lang='lat' dir='ltr'><strong>diro</strong></span> 
     </span>
     <span class='ocr_line' id='line_1_17' title="bbox 220 1543 1732 1623; baseline -0.001 -18"><span class='ocrx_word' id='word_1_110' title='bbox 220 1543 506 1605; x_wconf 85' lang='lat' dir='ltr'><strong>Turbatus</strong></span> <span class='ocrx_word' id='word_1_111' title='bbox 546 1546 819 1622; x_wconf 88' lang='lat' dir='ltr'><strong>sonipes,</strong></span> <span class='ocrx_word' id='word_1_112' title='bbox 868 1562 1003 1604; x_wconf 86' lang='lat' dir='ltr'><strong>sese</strong></span> <span class='ocrx_word' id='word_1_113' title='bbox 1045 1544 1448 1623; x_wconf 86' lang='lat' dir='ltr'><strong>dominumque</strong></span> <span class='ocrx_word' id='word_1_114' title='bbox 1493 1545 1732 1605; x_wconf 84' lang='lat' dir='ltr'><strong>retorsit</strong></span> 
     </span>
     <span class='ocr_line' id='line_1_18' title="bbox 217 1629 1851 1707; baseline -0.002 -16"><span class='ocrx_word' id='word_1_115' title='bbox 217 1630 284 1691; x_wconf 92' lang='lat' dir='ltr'><strong>In</strong></span> <span class='ocrx_word' id='word_1_116' title='bbox 326 1629 477 1689; x_wconf 85' lang='lat' dir='ltr'><strong>latus</strong></span> <span class='ocrx_word' id='word_1_117' title='bbox 521 1638 694 1707; x_wconf 88' lang='lat' dir='ltr'><strong>atque</strong></span> <span class='ocrx_word' id='word_1_118' title='bbox 742 1629 965 1690; x_wconf 85' lang='lat' dir='ltr'><strong>avidam</strong></span> <span class='ocrx_word' id='word_1_119' title='bbox 1009 1629 1323 1689; x_wconf 83' lang='lat' dir='ltr'><strong>transmisit</strong></span> <span class='ocrx_word' id='word_1_120' title='bbox 1366 1629 1569 1690; x_wconf 83' lang='lat' dir='ltr'><strong>devius</strong></span> <span class='ocrx_word' id='word_1_121' title='bbox 1611 1629 1851 1690; x_wconf 87' lang='lat' dir='ltr'><strong>hastam.</strong></span> 
     </span>
     <span class='ocr_line' id='line_1_19' title="bbox 219 1712 2214 1791; baseline 0.003 -17"><span class='ocrx_word' id='word_1_122' title='bbox 219 1714 434 1774; x_wconf 90' lang='lat' dir='ltr'><strong>Acrior</strong></span> <span class='ocrx_word' id='word_1_123' title='bbox 474 1712 589 1773; x_wconf 89' lang='lat' dir='ltr'><strong>hoc</strong></span> <span class='ocrx_word' id='word_1_124' title='bbox 630 1715 897 1773; x_wconf 86' lang='lat' dir='ltr'><strong>iuvenem</strong></span> <span class='ocrx_word' id='word_1_125' title='bbox 942 1714 1145 1773; x_wconf 86' lang='lat' dir='ltr'><strong>stricto</strong></span> <span class='ocrx_word' id='word_1_126' title='bbox 1185 1730 1462 1772; x_wconf 90' lang='lat' dir='ltr'><strong>mucrone</strong></span> <span class='ocrx_word' id='word_1_127' title='bbox 1503 1712 1746 1791; x_wconf 88' lang='lat' dir='ltr'><strong>petebat</strong></span> <span class='ocrx_word' id='word_1_128' title='bbox 2110 1725 2214 1779; x_wconf 78' lang='lat'><strong>805</strong></span> 
     </span>
     <span class='ocr_line' id='line_1_20' title="bbox 217 1796 1631 1877; baseline -0.002 -18"><span class='ocrx_word' id='word_1_129' title='bbox 217 1797 543 1877; x_wconf 79' lang='lat' dir='ltr'><strong>Amphion,</strong></span> <span class='ocrx_word' id='word_1_130' title='bbox 592 1815 765 1877; x_wconf 87' lang='lat' dir='ltr'><strong>quum</strong></span> <span class='ocrx_word' id='word_1_131' title='bbox 807 1816 872 1858; x_wconf 89' lang='lat' dir='ltr'><strong>se</strong></span> <span class='ocrx_word' id='word_1_132' title='bbox 914 1798 1107 1857; x_wconf 90' lang='lat' dir='ltr'><strong>medio</strong></span> <span class='ocrx_word' id='word_1_133' title='bbox 1148 1796 1387 1858; x_wconf 87' lang='lat' dir='ltr'><strong>Latonia</strong></span> <span class='ocrx_word' id='word_1_134' title='bbox 1426 1813 1631 1874; x_wconf 91' lang='lat' dir='ltr'><strong>campo</strong></span> 
     </span>
     <span class='ocr_line' id='line_1_21' title="bbox 210 1881 1671 1960; baseline -0.003 -17"><span class='ocrx_word' id='word_1_135' title='bbox 210 1883 386 1944; x_wconf 76' lang='lat' dir='ltr'><strong>Inicit</strong></span> <span class='ocrx_word' id='word_1_136' title='bbox 426 1891 556 1943; x_wconf 89' lang='lat' dir='ltr'><strong>ante</strong></span> <span class='ocrx_word' id='word_1_137' title='bbox 603 1882 841 1960; x_wconf 88' lang='lat' dir='ltr'><strong>oculos,</strong></span> <span class='ocrx_word' id='word_1_138' title='bbox 886 1884 1038 1942; x_wconf 90' lang='lat' dir='ltr'><strong>omni</strong></span> <span class='ocrx_word' id='word_1_139' title='bbox 1080 1884 1241 1942; x_wconf 86' lang='lat' dir='ltr'><strong>stetit</strong></span> <span class='ocrx_word' id='word_1_140' title='bbox 1279 1882 1452 1942; x_wconf 88' lang='lat' dir='ltr'><strong>obvia</strong></span> <span class='ocrx_word' id='word_1_141' title='bbox 1489 1881 1671 1942; x_wconf 86' lang='lat' dir='ltr'><strong>vultu.</strong></span> 
     </span>
     <span class='ocr_line' id='line_1_22' title="bbox 217 1966 1591 2046; baseline -0.002 -18"><span class='ocrx_word' id='word_1_142' title='bbox 217 1966 514 2028; x_wconf 85' lang='lat' dir='ltr'><strong>Haerebat</strong></span> <span class='ocrx_word' id='word_1_143' title='bbox 556 1968 750 2028; x_wconf 89' lang='lat' dir='ltr'><strong>iuveni</strong></span> <span class='ocrx_word' id='word_1_144' title='bbox 795 1968 1097 2029; x_wconf 85' lang='lat' dir='ltr'><strong>devinctus</strong></span> <span class='ocrx_word' id='word_1_145' title='bbox 1139 1984 1338 2027; x_wconf 89' lang='lat' dir='ltr'><strong>amore</strong></span> <span class='ocrx_word' id='word_1_146' title='bbox 1379 1966 1591 2046; x_wconf 89' lang='lat' dir='ltr'><strong>pudico</strong></span> 
     </span>
     <span class='ocr_line' id='line_1_23' title="bbox 215 2051 1861 2130; baseline 0 -18"><span class='ocrx_word' id='word_1_147' title='bbox 215 2051 538 2112; x_wconf 79' lang='lat' dir='ltr'><strong>Maenalius</strong></span> <span class='ocrx_word' id='word_1_148' title='bbox 583 2051 885 2128; x_wconf 85' lang='lat' dir='ltr'><strong>Dorceus,</strong></span> <span class='ocrx_word' id='word_1_149' title='bbox 933 2052 1024 2111; x_wconf 92' lang='lat' dir='ltr'><strong>cui</strong></span> <span class='ocrx_word' id='word_1_150' title='bbox 1067 2051 1226 2112; x_wconf 89' lang='lat' dir='ltr'><strong>bella</strong></span> <span class='ocrx_word' id='word_1_151' title='bbox 1271 2068 1552 2130; x_wconf 86' lang='lat' dir='ltr'><strong>suumque</strong></span> <span class='ocrx_word' id='word_1_152' title='bbox 1595 2051 1861 2112; x_wconf 88' lang='lat' dir='ltr'><strong>timorem</strong></span> 
     </span>
     <span class='ocr_line' id='line_1_24' title="bbox 215 2135 2216 2214; baseline -0.002 -17"><span class='ocrx_word' id='word_1_153' title='bbox 215 2135 410 2197; x_wconf 81' lang='lat' dir='ltr'><strong>Mater</strong></span> <span class='ocrx_word' id='word_1_154' title='bbox 443 2145 503 2196; x_wconf 88' lang='lat' dir='ltr'><strong>et</strong></span> <span class='ocrx_word' id='word_1_155' title='bbox 544 2136 799 2197; x_wconf 82' lang='lat' dir='ltr'><strong>audaces</strong></span> <span class='ocrx_word' id='word_1_156' title='bbox 834 2137 1005 2214; x_wconf 90' lang='lat' dir='ltr'><strong>pueri</strong></span> <span class='ocrx_word' id='word_1_157' title='bbox 1045 2135 1416 2196; x_wconf 86' lang='lat' dir='ltr'><strong>mandaverat</strong></span> <span class='ocrx_word' id='word_1_158' title='bbox 1460 2152 1661 2196; x_wconf 87' lang='lat' dir='ltr'><strong>annos.</strong></span> <span class='ocrx_word' id='word_1_159' title='bbox 2110 2147 2216 2201; x_wconf 78' lang='lat'><strong>810</strong></span> 
     </span>
     <span class='ocr_line' id='line_1_25' title="bbox 215 2219 1916 2300; baseline -0.001 -19"><span class='ocrx_word' id='word_1_160' title='bbox 215 2221 400 2281; x_wconf 89' lang='lat' dir='ltr'><strong>Huius</strong></span> <span class='ocrx_word' id='word_1_161' title='bbox 442 2229 560 2280; x_wconf 89' lang='lat' dir='ltr'><strong>tum</strong></span> <span class='ocrx_word' id='word_1_162' title='bbox 596 2219 756 2281; x_wconf 87' lang='lat' dir='ltr'><strong>vultu</strong></span> <span class='ocrx_word' id='word_1_163' title='bbox 798 2220 907 2281; x_wconf 87' lang='lat' dir='ltr'><strong>dea</strong></span> <span class='ocrx_word' id='word_1_164' title='bbox 947 2219 1301 2281; x_wconf 82' lang='lat' dir='ltr'><strong>dissimulata</strong></span> <span class='ocrx_word' id='word_1_165' title='bbox 1343 2219 1643 2300; x_wconf 83' lang='lat' dir='ltr'><strong>profatur:</strong></span> <span class='ocrx_word' id='word_1_166' title='bbox 1912 2235 1916 2241; x_wconf 88' lang='grc'><strong><em>·</em></strong></span> 
     </span>
     <span class='ocr_line' id='line_1_26' title="bbox 341 2304 1844 2383; baseline -0.001 -19"><span class='ocrx_word' id='word_1_167' title='bbox 341 2304 670 2366; x_wconf 75' lang='lat' dir='ltr'><strong>‘Hactenus</strong></span> <span class='ocrx_word' id='word_1_168' title='bbox 715 2304 974 2383; x_wconf 80' lang='lat' dir='ltr'><strong>Ogygias</strong></span> <span class='ocrx_word' id='word_1_169' title='bbox 1011 2306 1151 2365; x_wconf 88' lang='lat' dir='ltr'><strong>satis</strong></span> <span class='ocrx_word' id='word_1_170' title='bbox 1194 2305 1508 2367; x_wconf 77' lang='lat' dir='ltr'><strong>infestasse</strong></span> <span class='ocrx_word' id='word_1_171' title='bbox 1551 2313 1844 2379; x_wconf 83' lang='lat' dir='ltr'><strong>catervas,</strong></span> 
     </span>
     <span class='ocr_line' id='line_1_27' title="bbox 215 2389 1866 2468; baseline -0.003 -17"><span class='ocrx_word' id='word_1_172' title='bbox 215 2389 697 2468; x_wconf 86' lang='lat' dir='ltr'><strong>Parthenopaee,</strong></span> <span class='ocrx_word' id='word_1_173' title='bbox 744 2391 914 2458; x_wconf 86' lang='lat' dir='ltr'><strong>satis;</strong></span> <span class='ocrx_word' id='word_1_174' title='bbox 957 2391 1206 2450; x_wconf 85' lang='lat' dir='ltr'><strong>miserae</strong></span> <span class='ocrx_word' id='word_1_175' title='bbox 1246 2391 1359 2450; x_wconf 86' lang='lat' dir='ltr'><strong>iam</strong></span> <span class='ocrx_word' id='word_1_176' title='bbox 1401 2407 1581 2465; x_wconf 87' lang='lat' dir='ltr'><strong>parce</strong></span> <span class='ocrx_word' id='word_1_177' title='bbox 1616 2391 1866 2468; x_wconf 87' lang='lat' dir='ltr'><strong>parenti,</strong></span> 
     </span>
     <span class='ocr_line' id='line_1_28' title="bbox 218 2473 1961 2553; baseline 0 -19"><span class='ocrx_word' id='word_1_178' title='bbox 218 2474 410 2534; x_wconf 72' lang='lat' dir='ltr'><strong>Parce·</strong></span> <span class='ocrx_word' id='word_1_179' title='bbox 451 2474 616 2551; x_wconf 88' lang='lat' dir='ltr'><strong>deis,</strong></span> <span class='ocrx_word' id='word_1_180' title='bbox 663 2476 1012 2553; x_wconf 87' lang='lat' dir='ltr'><strong>quicumque</strong></span> <span class='ocrx_word' id='word_1_181' title='bbox 1054 2474 1297 2534; x_wconf 80' lang='lat' dir='ltr'><strong>favent.&#39;</strong></span> <span class='ocrx_word' id='word_1_182' title='bbox 1376 2473 1506 2534; x_wconf 89' lang='lat' dir='ltr'><strong>Nec</strong></span> <span class='ocrx_word' id='word_1_183' title='bbox 1547 2474 1782 2534; x_wconf 86' lang='lat' dir='ltr'><strong>territus</strong></span> <span class='ocrx_word' id='word_1_184' title='bbox 1827 2473 1961 2534; x_wconf 90' lang='lat' dir='ltr'><strong>ille:</strong></span> 
     </span>
     <span class='ocr_line' id='line_1_29' title="bbox 217 2557 2216 2638; baseline 0.001 -20"><span class='ocrx_word' id='word_1_185' title='bbox 217 2557 422 2618; x_wconf 75' lang='lat' dir='ltr'><strong>‘Hunc</strong></span> <span class='ocrx_word' id='word_1_186' title='bbox 466 2558 591 2619; x_wconf 88' lang='lat' dir='ltr'><strong>sine</strong></span> <span class='ocrx_word' id='word_1_187' title='bbox 635 2578 759 2637; x_wconf 89' lang='lat' dir='ltr'><strong>me,</strong></span> <span class='ocrx_word' id='word_1_188' title='bbox 806 2574 919 2619; x_wconf 83' lang='lat' dir='ltr'><strong>nec</strong></span> <span class='ocrx_word' id='word_1_189' title='bbox 961 2558 1128 2638; x_wconf 87' lang='lat' dir='ltr'><strong>plura</strong></span> <span class='ocrx_word' id='word_1_190' title='bbox 1163 2568 1389 2637; x_wconf 88' lang='lat' dir='ltr'><strong>petam,</strong></span> <span class='ocrx_word' id='word_1_191' title='bbox 1437 2557 1710 2619; x_wconf 84' lang='lat' dir='ltr'><strong>fidissime</strong></span> <span class='ocrx_word' id='word_1_192' title='bbox 1753 2557 2013 2635; x_wconf 83' lang='lat' dir='ltr'><strong>Dorceu,</strong></span> <span class='ocrx_word' id='word_1_193' title='bbox 2114 2569 2216 2624; x_wconf 77' lang='lat'><strong>815</strong></span> 
     </span>
     <span class='ocr_line' id='line_1_30' title="bbox 215 2641 1856 2724; baseline -0.001 -21"><span class='ocrx_word' id='word_1_194' title='bbox 215 2645 500 2704; x_wconf 88' lang='lat' dir='ltr'><strong>Sternere</strong></span> <span class='ocrx_word' id='word_1_195' title='bbox 541 2643 727 2720; x_wconf 90' lang='lat' dir='ltr'><strong>humi,</strong></span> <span class='ocrx_word' id='word_1_196' title='bbox 772 2646 869 2724; x_wconf 88' lang='lat' dir='ltr'><strong>qui</strong></span> <span class='ocrx_word' id='word_1_197' title='bbox 906 2644 1025 2704; x_wconf 86' lang='lat' dir='ltr'><strong>tela</strong></span> <span class='ocrx_word' id='word_1_198' title='bbox 1066 2645 1213 2703; x_wconf 89' lang='lat' dir='ltr'><strong>meis</strong></span> <span class='ocrx_word' id='word_1_199' title='bbox 1254 2645 1409 2721; x_wconf 85' lang='lat' dir='ltr'><strong>gerit</strong></span> <span class='ocrx_word' id='word_1_200' title='bbox 1447 2641 1675 2704; x_wconf 86' lang='lat' dir='ltr'><strong>aemula</strong></span> <span class='ocrx_word' id='word_1_201' title='bbox 1720 2642 1856 2702; x_wconf 84' lang='lat' dir='ltr'><strong>telis</strong></span> 
     </span>
     <span class='ocr_line' id='line_1_31' title="bbox 216 2726 1646 2791; baseline -0.001 -3"><span class='ocrx_word' id='word_1_202' title='bbox 216 2726 299 2788; x_wconf 87' lang='lat' dir='ltr'><strong>Et</strong></span> <span class='ocrx_word' id='word_1_203' title='bbox 335 2727 556 2791; x_wconf 88' lang='lat' dir='ltr'><strong>similes</strong></span> <span class='ocrx_word' id='word_1_204' title='bbox 600 2728 787 2788; x_wconf 90' lang='lat' dir='ltr'><strong>cultus</strong></span> <span class='ocrx_word' id='word_1_205' title='bbox 834 2738 893 2790; x_wconf 89' lang='lat' dir='ltr'><strong>et</strong></span> <span class='ocrx_word' id='word_1_206' title='bbox 930 2729 1095 2788; x_wconf 89' lang='lat' dir='ltr'><strong>frena</strong></span> <span class='ocrx_word' id='word_1_207' title='bbox 1141 2729 1406 2790; x_wconf 87' lang='lat' dir='ltr'><strong>sonantia</strong></span> <span class='ocrx_word' id='word_1_208' title='bbox 1450 2728 1646 2787; x_wconf 84' lang='lat' dir='ltr'><strong>iactat.</strong></span> 
     </span>
     <span class='ocr_line' id='line_1_32' title="bbox 214 2810 1730 2892; baseline 0.001 -20"><span class='ocrx_word' id='word_1_209' title='bbox 214 2811 409 2872; x_wconf 88' lang='lat' dir='ltr'><strong>Frena</strong></span> <span class='ocrx_word' id='word_1_210' title='bbox 452 2831 685 2889; x_wconf 84' lang='lat' dir='ltr'><strong>regam,</strong></span> <span class='ocrx_word' id='word_1_211' title='bbox 734 2813 920 2873; x_wconf 89' lang='lat' dir='ltr'><strong>cultus</strong></span> <span class='ocrx_word' id='word_1_212' title='bbox 964 2812 1195 2874; x_wconf 82' lang='lat' dir='ltr'><strong>Triviae</strong></span> <span class='ocrx_word' id='word_1_213' title='bbox 1242 2810 1571 2892; x_wconf 85' lang='lat' dir='ltr'><strong>pendebitis</strong></span> <span class='ocrx_word' id='word_1_214' title='bbox 1611 2810 1730 2873; x_wconf 83' lang='lat' dir='ltr'><strong>alto</strong></span> 
     </span>
     <span class='ocr_line' id='line_1_33' title="bbox 212 2896 1692 2977; baseline -0.001 -19"><span class='ocrx_word' id='word_1_215' title='bbox 212 2896 465 2976; x_wconf 84' lang='lat' dir='ltr'><strong>Limine,</strong></span> <span class='ocrx_word' id='word_1_216' title='bbox 512 2898 755 2975; x_wconf 83' lang='lat' dir='ltr'><strong>captivis</strong></span> <span class='ocrx_word' id='word_1_217' title='bbox 794 2906 1034 2957; x_wconf 85' lang='lat' dir='ltr'><strong>matrem</strong></span> <span class='ocrx_word' id='word_1_218' title='bbox 1080 2896 1312 2959; x_wconf 89' lang='lat' dir='ltr'><strong>donabo</strong></span> <span class='ocrx_word' id='word_1_219' title='bbox 1355 2897 1692 2977; x_wconf 88' lang='lat' dir='ltr'><strong>pharetris.’</strong></span> 
     </span>
     <span class='ocr_line' id='line_1_34' title="bbox 214 2980 2222 3044; baseline 0.001 -3"><span class='ocrx_word' id='word_1_220' title='bbox 214 2980 417 3041; x_wconf 90' lang='lat' dir='ltr'><strong>Audiit</strong></span> <span class='ocrx_word' id='word_1_221' title='bbox 465 2990 524 3040; x_wconf 87' lang='lat' dir='ltr'><strong>et</strong></span> <span class='ocrx_word' id='word_1_222' title='bbox 560 2983 738 3041; x_wconf 87' lang='lat' dir='ltr'><strong>mixto</strong></span> <span class='ocrx_word' id='word_1_223' title='bbox 776 2983 904 3041; x_wconf 88' lang='lat' dir='ltr'><strong>risit</strong></span> <span class='ocrx_word' id='word_1_224' title='bbox 945 2980 1184 3043; x_wconf 87' lang='lat' dir='ltr'><strong>Latonia</strong></span> <span class='ocrx_word' id='word_1_225' title='bbox 1224 2982 1389 3043; x_wconf 86' lang='lat' dir='ltr'><strong>fletu.</strong></span> <span class='ocrx_word' id='word_1_226' title='bbox 2115 2988 2222 3044; x_wconf 77' lang='lat'><strong>820</strong></span> 
     </span>
     <span class='ocr_line' id='line_1_35' title="bbox 344 3064 1919 3145; baseline 0.001 -21"><span class='ocrx_word' id='word_1_227' title='bbox 344 3064 584 3125; x_wconf 86' lang='lat' dir='ltr'><strong>Viderat</strong></span> <span class='ocrx_word' id='word_1_228' title='bbox 626 3066 775 3126; x_wconf 89' lang='lat' dir='ltr'><strong>hanc</strong></span> <span class='ocrx_word' id='word_1_229' title='bbox 818 3066 971 3126; x_wconf 89' lang='lat' dir='ltr'><strong>coeli</strong></span> <span class='ocrx_word' id='word_1_230' title='bbox 1016 3067 1345 3128; x_wconf 81' lang='lat' dir='ltr'><strong>iamdudum</strong></span> <span class='ocrx_word' id='word_1_231' title='bbox 1383 3067 1442 3126; x_wconf 87' lang='lat' dir='ltr'><strong>in</strong></span> <span class='ocrx_word' id='word_1_232' title='bbox 1484 3075 1653 3145; x_wconf 83' lang='lat' dir='ltr'><strong>parte</strong></span> <span class='ocrx_word' id='word_1_233' title='bbox 1695 3075 1919 3126; x_wconf 89' lang='lat' dir='ltr'><strong>remota</strong></span> 
     </span>
     <span class='ocr_line' id='line_1_36' title="bbox 214 3149 1927 3230; baseline -0.001 -20"><span class='ocrx_word' id='word_1_234' title='bbox 214 3149 525 3211; x_wconf 85' lang='lat' dir='ltr'><strong>Gradivum</strong></span> <span class='ocrx_word' id='word_1_235' title='bbox 560 3150 871 3228; x_wconf 78' lang='lat' dir='ltr'><strong>complexa</strong></span> <span class='ocrx_word' id='word_1_236' title='bbox 913 3149 1144 3227; x_wconf 86' lang='lat' dir='ltr'><strong>Venus,</strong></span> <span class='ocrx_word' id='word_1_237' title='bbox 1192 3152 1443 3230; x_wconf 88' lang='lat' dir='ltr'><strong>dumque</strong></span> <span class='ocrx_word' id='word_1_238' title='bbox 1483 3152 1652 3212; x_wconf 84' lang='lat' dir='ltr'><strong>anxia</strong></span> <span class='ocrx_word' id='word_1_239' title='bbox 1696 3149 1927 3210; x_wconf 88' lang='lat' dir='ltr'><strong>Thebas</strong></span> 
     </span>
     <span class='ocr_line' id='line_1_37' title="bbox 216 3232 1891 3315; baseline -0.001 -21"><span class='ocrx_word' id='word_1_240' title='bbox 216 3233 648 3295; x_wconf 84' lang='lat' dir='ltr'><strong>Commemorat</strong></span> <span class='ocrx_word' id='word_1_241' title='bbox 692 3232 1084 3315; x_wconf 88' lang='lat' dir='ltr'><strong>Cadmumque</strong></span> <span class='ocrx_word' id='word_1_242' title='bbox 1128 3237 1256 3296; x_wconf 75' lang='lat' dir='ltr'><strong>viro</strong></span> <span class='ocrx_word' id='word_1_243' title='bbox 1303 3252 1593 3315; x_wconf 88' lang='lat' dir='ltr'><strong>caraeque</strong></span> <span class='ocrx_word' id='word_1_244' title='bbox 1637 3242 1891 3312; x_wconf 84' lang='lat' dir='ltr'><strong>nepotes</strong></span> 
     </span>
     <span class='ocr_line' id='line_1_38' title="bbox 211 3319 1804 3398; baseline -0.001 -19"><span class='ocrx_word' id='word_1_245' title='bbox 211 3319 583 3395; x_wconf 88' lang='lat' dir='ltr'><strong>Harmoniae,</strong></span> <span class='ocrx_word' id='word_1_246' title='bbox 627 3336 896 3398; x_wconf 80' lang='lat' dir='ltr'><strong>pressum</strong></span> <span class='ocrx_word' id='word_1_247' title='bbox 939 3322 1118 3380; x_wconf 87' lang='lat' dir='ltr'><strong>tacito</strong></span> <span class='ocrx_word' id='word_1_248' title='bbox 1162 3319 1271 3379; x_wconf 83' lang='lat' dir='ltr'><strong>sub</strong></span> <span class='ocrx_word' id='word_1_249' title='bbox 1317 3320 1498 3379; x_wconf 89' lang='lat' dir='ltr'><strong>corde</strong></span> <span class='ocrx_word' id='word_1_250' title='bbox 1536 3319 1804 3379; x_wconf 84' lang='lat' dir='ltr'><strong>dolorem</strong></span> 
     </span>
     <span class='ocr_line' id='line_1_39' title="bbox 213 3401 2216 3482; baseline 0.001 -19"><span class='ocrx_word' id='word_1_251' title='bbox 213 3401 587 3482; x_wconf 87' lang='lat' dir='ltr'><strong>Tempestiva</strong></span> <span class='ocrx_word' id='word_1_252' title='bbox 628 3414 844 3465; x_wconf 72' lang='lat' dir='ltr'><strong>movet.</strong></span> <span class='ocrx_word' id='word_1_253' title='bbox 906 3403 1139 3464; x_wconf 69' lang='lat' dir='ltr'><strong>‘Nonne</strong></span> <span class='ocrx_word' id='word_1_254' title='bbox 1180 3403 1366 3482; x_wconf 88' lang='lat' dir='ltr'><strong>hanc,</strong></span> <span class='ocrx_word' id='word_1_255' title='bbox 1412 3402 1696 3481; x_wconf 78' lang='lat' dir='ltr'><strong>Gradive,</strong></span> <span class='ocrx_word' id='word_1_256' title='bbox 1736 3411 2072 3481; x_wconf 79' lang='lat' dir='ltr'><strong>protervam</strong></span> <span class='ocrx_word' id='word_1_257' title='bbox 2112 3410 2216 3465; x_wconf 76' lang='lat'><strong>825</strong></span> 
     </span>
    </p>
   </div>
  </div>
 </body>
</html>
