2517 3909
205 143 333 208 128
938 140 1000 195 Ρ.
1037 137 1316 194 PAPINII
1353 138 1595 193 STATII

200 287 422 356 Unum
468 287 730 353 secretis
778 286 1027 372 agitare
1073 283 1193 348 sub
1239 282 1493 348 ossibus
1538 283 1779 368 ignem.

204 377 404 443 Illum
447 398 569 442 nec
610 375 935 461 Phrygius
982 373 1282 438 uitiasset
1324 377 1551 457 raptor
1596 393 1883 438 amorem

202 466 570 534 Dulichiiue
613 465 794 550 proci
836 485 955 530 nec
1002 463 1115 548 qui
1158 462 1484 526 fraternus
1531 461 1786 526 adulter

202 556 402 623 Casta
446 555 795 639 Mycenaeo
843 552 1120 619 conubia
1163 550 1404 636 polluit
1448 572 1622 616 auro,

203 644 276 711 Si
319 645 698 729 Babylonos
746 665 919 729 opes,
964 641 1185 726 Lydae
1232 641 1289 705 si
1332 639 1623 724 pondera
1667 660 1866 726 gazae
2278 657 2347 706 60

203 733 644 820 Indorumque
690 733 876 799 dares
925 730 1281 816 Serumque
1326 728 1745 814 Arabumque
1788 732 2085 814 potentes

206 824 514 908 Diuitias,
558 822 783 887 mallet
827 843 973 887 cum
1018 820 1405 904 paupertate
1450 818 1688 902 pudica

205 911 601 978 Intemerata
646 911 814 977 mori
859 910 1192 993 uitamque
1235 907 1587 1010 rependere
1631 907 1866 972 famae.

207 1000 349 1067 Nec
392 1002 577 1069 frons
622 1001 811 1065 triste
858 999 1076 1086 rigens
1123 997 1494 1082 nimiusque
1540 996 1611 1061 in
1658 997 1949 1062 moribus
1991 997 2249 1082 horror,

205 1090 333 1155 Sed
379 1092 651 1175 simplex
696 1088 1049 1172 hilarisque
1093 1087 1253 1152 fides
1300 1088 1368 1150 ct
1412 1085 1620 1151 mixta
1662 1085 1896 1171 pudori
2279 1100 2348 1151 65

213 1179 462 1246 Gratia.
537 1178 710 1265 quod
756 1179 813 1243 si
858 1196 1095 1262 anceps
1140 1180 1356 1240 metus
1400 1174 1472 1239 in
1517 1175 1768 1240 maiora
1810 1178 2128 1260 uocasset,

207 1268 333 1333 Illa
377 1268 485 1334 uel
532 1267 867 1333 armiferas
914 1287 1032 1351 pro
1080 1264 1355 1350 coniuge
1400 1264 1579 1329 laeta
1623 1268 1921 1330 cateruas

207 1352 714 1442 Fulmineosque
756 1356 942 1442 ignes
994 1354 1315 1439 mediique
1360 1354 1648 1439 p'ericula
1693 1354 1881 1438 ponti

204 1446 572 1531 Exciperet
640 1445 892 1531 meliust,
937 1444 1110 1530 quod
1152 1466 1291 1509 non
1337 1443 1613 1509 aduersa
1653 1443 2030 1528 probarunt,

210 1534 389 1611 Quae
433 1536 559 1601 tibi
602 1557 758 1602 cura
798 1534 947 1619 tori,
994 1536 1278 1618 quantus
1323 1554 1444 1616 pro
1490 1532 1765 1617 coniuge
1810 1531 2051 1616 pallor!
2284 1543 2352 1596 ⁷0

208 1624 339 1690 Sed
382 1625 646 1690 meliore
691 1624 804 1690 uia
847 1623 1111 1688 dextros
1155 1625 1275 1687 tua
1318 1625 1479 1687 uota
1519 1621 1755 1686 marito

209 1714 630 1784 Promeruere
675 1714 849 1797 deOS,
895 1712 1049 1777 dum
1093 1714 1286 1776 nocte
1332 1710 1560 1794 dieque
1606 1710 1846 1795 fatigas

211 1802 521 1887 Numina,
566 1802 720 1867 dum
766 1800 1012 1867 cunctis
1061 1800 1339 1884 supplex
1379 1799 1744 1864 aduolueris
1790 1798 1925 1863 aris

207 1891 300 1958 Et
338 1892 569 1957 mitem
615 1890 877 1978 genium
923 1889 1169 1955 domini
1212 1888 1574 1973 praesentis
1621 1888 1871 1954 adoras.

207 1981 451 2046 Audita
496 2001 583 2067 es,
629 1981 934 2083 uenitque
980 1977 1185 2081 gradu
1228 1976 1524 2043 Fortuna
1568 1977 1870 2062 benigno.
2287 1992 2354 2043 ‘15

208 2067 395 2135 Uidit
439 2071 677 2156 quippe
724 2070 816 2155 pii
860 2067 1110 2133 iuuenis
1154 2088 1524 2150 nauamque
1571 2066 1853 2151 quietem

205 2156 657 2245 Intactamque
701 2157 895 2223 fidem
941 2157 1394 2240 succinctaque
1438 2159 1708 2240 pectora
1755 2155 1925 2221 curis

208 2247 300 2313 Et
344 2247 576 2333 uigiles
623 2268 850 2312 sensus
896 2249 963 2310 et
1007 2245 1209 2329 digna
1254 2245 1551 2311 euoluere
1595 2246 1817 2310 tantas

207 2335 442 2402 Sobria
487 2335 683 2402 corda
727 2335 920 2420 uicem,
964 2334 1156 2413 uidit,
1204 2334 1316 2419 qui
1362 2337 1597 2400 cuncta
1641 2355 1903 2400 suorum

207 2425 273 2492 N
277 2426 415 2491 ou1t
461 2429 526 2491 et
569 2424 881 2510 inspectis
928 2423 1134 2489 ambit
1177 2424 1350 2488 latus
1397 2444 1589 2488 omne
1632 2422 1969 2488 ministris.
2286 2438 2355 2488 80

209 2513 350 2580 Nec
395 2515 660 2579 mirum:
706 2513 887 2579 uidet
931 2512 1040 2578 ille
1087 2516 1270 2578 ortus
1319 2512 1680 2598 obitusque,
1727 2511 1881 2596 quid
1927 2515 2166 2591 auster,

211 2602 379 2680 Quid
425 2604 655 2669 boreas
700 2603 1009 2669 hibernus
1057 2606 1230 2688 agat,
1275 2601 1557 2686 ferrique
1603 2605 1923 2687 togaeque

208 2691 497 2759 Consilia
542 2694 736 2777 atque
779 2692 992 2776 ipsam
1036 2694 1323 2756 mentem
1369 2691 1622 2776 probat.
1694 2690 1807 2755 ille
1855 2689 2138 2756 subactis

209 2780 455 2847 Molem
500 2779 886 2847 immensam
930 2780 1217 2846 humeris
1267 2782 1336 2845 et
1379 2780 1492 2844 uix
1536 2780 1879 2846 tractabile
1925 2778 2182 2864 pondus

354 3071 423 3120 64
467 3065 528 3120 in
565 3063 812 3119 moribus
847 3067 917 3117 A:
964 3059 1271 3118 minoribus
1307 3063 1396 3117 uel
1439 3060 1745 3117 maioribus
1784 3066 1819 3112 0
1865 3062 1884 3131 ΙΙ
1929 3067 1997 3116 66
2034 3060 2095 3115 in
2128 3061 2358 3130 scripsi:

212 3139 270 3193 et
306 3142 341 3188 0
380 3155 414 3190 a
463 3136 537 3192 ad
574 3141 610 3191 ς
654 3140 661 3204 Ι
700 3137 962 3190 uocasset
998 3139 1062 3190 ς.
1108 3135 1364 3188 natasset
1399 3136 1446 3186 A
1481 3135 1739 3189 uacasset
1776 3138 1811 3184 0
1857 3134 1877 3201 ΙΙ
1923 3138 1990 3188 76
2036 3148 2357 3201 nauamque
2494 3183 2495 3200 ἶ

213 3209 292 3262 M
288 3208 457 3263 wrkl
500 3223 817 3277 uanamque
855 3212 890 3258 0
928 3224 962 3259 a
1005 3206 1025 3274 n
1070 3210 1139 3260 80
1177 3204 1382 3274 ambit;
1423 3209 1564 3274 puto
1611 3203 1791 3275 cingit
1834 3204 1924 3257 uel
1961 3202 2180 3258 claudit
2219 3204 2241 3272 fl
2288 3208 2352 3257 81

213 3282 404 3334 auster
444 3285 508 3334 ςε
558 3281 744 3334 arctos
793 3283 840 3330 A
878 3282 913 3328 0
967 3278 989 3346 11
1041 3281 1109 3329 82
1147 3278 1340 3331 malim
1374 3276 1494 3332 alat
1551 3278 1560 3347 Ι
1618 3278 1899 3347 togaeque
1928 3274 2114 3329 Deme
2155 3277 2357 3344 rotage

211 3350 290 3404 A*
325 3355 362 3402 0
406 3351 422 3422 Η
469 3357 537 3407 83
585 3348 834 3405 subactis
880 3348 1195 3402 Ammius:
1248 3345 1458 3404 iubatis
1507 3353 1544 3400 0
1590 3366 1624 3400 a
1668 3294 1852 3403 beatis
1899 3345 2172 3401 Heinsius
2217 3346 2238 3414 11
2283 3350 2355 3399 84

209 3423 428 3494 pondus
465 3423 779 3479 Ammius:
814 3422 1038 3490 tempus
1076 3424 1113 3471 0
1149 3437 1183 3471 a
