2517 3909
945 166 1439 224 ACHILLEIDOS
1474 167 1540 223 L.
1577 165 1620 222 I.
2203 164 2287 230 31

174 308 233 402 ’ᾗ
432 315 707 417 Iamque·
744 335 862 398 per
907 313 1209 400 Aegaeos
1256 313 1401 378 ibat
1443 310 1706 380 Laertia
1750 312 1952 376 flexus
2186 325 2291 376 675

250 404 532 489 Puppis,
578 406 645 468 et
686 403 1061 469 innumeras
1108 403 1457 467 mutabant
1500 399 1816 486 Cycladas
1863 422 2082 465 aurae:

253 492 397 558 Iam
443 493 651 559 Paros
697 492 1093 576 Olearosque
1139 492 1379 574 latent3
1424 492 1557 556 iam
1601 489 1851 555 raditur
1896 489 2035 554 alta
2114 552 2121 556 .

254 582 538 648 Lemnos
587 586 655 646 et
698 604 740 646 a
781 584 970 666 tergo
1016 580 1331 646 decrescit
1372 579 1696 645 Bacchica
1739 577 1990 664 Naxos,

201 692 230 732 5
255 672 431 737 Ante
477 672 700 737 oculos
747 673 1078 735 crescente
1124 667 1347 754 Sam03
1395 670 1529 734 iam
1574 668 1777 734 Delos
1826 670 2061 752 opacat

256 760 547 845 Aequor.
593 759 690 824 ibi
734 780 769 823 e
816 759 990 825 celsa
1034 759 1250 824 libant
1295 758 1627 824 carchesia
1670 777 1886 844 puppe
2191 770 2295 822 680

256 849 706 934 Responsique
751 848 945 913 fidem
991 851 1060 912 et
1103 869 1331 913 verum
1377 845 1738 913 Calchanta
1780 849 2142 931 precantur.

258 937 494 1003 Audiit
536 936 979 1021 Arquitenens
1027 935 1522 1022 Zephyrumque
1569 959 1604 1001 e
1649 936 1890 1002 vertice
1937 933 2183 1019 Cynthi

259 1026 536 1111 Impulit
582 1029 649 1091 et
691 1026 907 1091 dubiis
953 1025 1148 1111 pleno
1197 1026 1376 1090 dedit
1422 1026 1644 1091 omina
1687 1027 1852 1091 velo.

175 1137 235 1179 10
260 1115 327 1181 It
369 1116 591 1202 pelagi
636 1136 866 1180 secura
907 1115 1095 1180 ratis.
1145 1114 1386 1200 quippe
1432 1114 1569 1181 alta
1616 1113 1937 1180 Tonantis

260 1204 451 1270 Iussa
495 1204 734 1269 Thetin
780 1208 991 1269 certas
1037 1202 1325 1269 fatorum
1369 1208 1620 1269 vertere
1665 1204 1846 1290 leges
2191 1215 2296 1267 685

262 1294 595 1359 Arcebant
637 1313 902 1378 aegram
947 1293 1233 1360 lacrimis
1282 1314 1357 1358 ac
1401 1294 1610 1358 multa
1654 1294 2046 1380 gementem,

263 1383 454 1460 Quod
497 1404 632 1448 non
678 1385 935 1447 erueret
977 1385 1253 1466 pontum
1300 1382 1638 1466 ventisque
1680 1381 1994 1466 fretisque

262 1471 583 1538 Omnibus
629 1471 913 1536 invisum
958 1470 1093 1536 iam
1137 1473 1295 1535 tunc
1341 1475 1716 1555 sequeretur
1759 1471 2038 1536 Ulixem.

179 1579 233 1619 ιε
440 1559 817 1644 Frangebat
860 1560 1077 1624 radios
1122 1559 1358 1624 humili
1401 1560 1533 1624 iam
1568 1581 1814 1645 pronus
1852 1558 2134 1644 Olympo

260 1648 570 1715 Phoebus
625 1652 693 1713 et
737 1647 977 1714 Oceani
1020 1648 1425 1732 penetrabile
1470 1649 1628 1713 litus
1668 1648 1928 1714 anhelis
2191 1663 2296 1715 690

260 1736 701 1804 Promittebat
745 1737 957 1821 equis:
1003 1758 1151 1802 cum
1198 1759 1268 1801 se
1316 1737 1662 1820 scopulosa
1705 1738 1951 1803 levavit

266 1825 531 1912 Scyros3
577 1828 647 1891 in
692 1826 861 1891 hanc
905 1828 1083 1891 totos
1129 1825 1352 1891 emisit
1393 1847 1609 1909 puppe
1653 1826 1960 1910 rudentes

266 1914 415 1981 Dux
459 1915 865 1999 Laertiades,
910 1915 1231 2000 sociisque
1279 1935 1604 1980 resumere
1649 1918 1923 1998 pontum

185 2022 244 2063 20
267 2003 559 2090 Imperat
602 2008 669 2069 et
713 2003 910 2069 remis
958 2003 1296 2088 Zephyros
1344 2004 1646 2089 supplere
1693 2003 2011 2068 cadentes.

265 2094 604 2160 Accedunt
646 2093 852 2172 iussa,
899 2097 966 2157 et
1010 2093 1225 2178 magis
1273 2093 1642 2158 indubitata
1686 2092 2022 2178 magisque
2195 2106 2298 2157 695

268 2181 500 2267 Scyros
549 2185 691 2247 erat
733 2182 1101 2267 placidique
1148 2202 1342 2267 super
1388 2180 1684 2247 Tritonia
1731 2184 1950 2248 custos

266 2271 531 2338 Litoris.
618 2271 892 2356 Egressi
934 2293 1177 2336 numen
1220 2274 1616 2337 venerantur
1660 2271 1909 2337 amicae

267 2588 637 2643 Achilleidos:
674 2592 734 2642 at
750 2589 815 2643 in
832 2591 880 2641 Δ
896 2588 1052 2644 Leid.
1085 2589 1273 2644 Paris.
1294 2590 1481 2644 11324
1505 2589 1667 2643 mulla
1694 2587 1980 2644 adnotatio
2001 2588 2302 2654 invenitur,

268 2677 394 2716 cum
417 2675 605 2715 versus
630 2663 751 2714 286
782 2660 916 2714 libri
940 2661 1167 2715 secundi
1192 2662 1292 2729 qui
1316 2661 1479 2729 vulgo
1505 2660 1729 2715 dicitur
1751 2660 1890 2715 libro
1911 2660 2095 2729 primo
2124 2660 2301 2715 adnu-

266 2736 558 2787 merentwn
590 2730 675 2796 Cf.
706 2731 908 2786 Philoz.
935 2731 1171 2786 XXXI
1180 2732 1233 2786 V
1244 2748 1308 2801 Ρ
1325 2734 1436 2787 475
1459 2747 1570 2802 sqq.
1595 2731 1737 2802 11675
1764 2731 1938 2785 flexus
1956 2734 2004 2784 Δ
2030 2731 2188 2788 Laid.
2211 2747 2300 2803 ΡΥ.

266 2821 337 2859 m.
371 2802 575 2857 fluctus
592 2806 646 2855 n
673 2803 694 2871 ΙΙ
720 2808 826 2857 676
846 2801 1113 2871 Cyclades
1144 2819 1308 2858 auras
1335 2807 1436 2856 ΔΜ
1457 2802 1730 2873 Cycladas
1750 2818 1922 2858 aurae
1948 2803 2066 2858 edd.
2101 2804 2110 2872 Ι
2140 2802 2305 2857 innu-

269 2942 455 2981 meras
481 2925 782 2982 mutabant
809 2924 1082 2995 Cycladas
1119 2943 1289 2981 aurae
1327 2943 1466 2984 corr.
1504 2927 1828 2983 Koestlinus
1845 2926 1865 3000 Η
1883 2933 1985 2982 677
1972 2876 2303 3022 Olclare’sche

259 3050 355 3104 ΡΥ.
376 3051 447 3088 m.
476 3037 517 3086 P
543 3034 564 3104 ΙΙ
591 3038 695 3088 678
737 3033 1035 3088 canaxos·
1073 3032 1296 3089 bacchi'
1335 3039 1376 3087 P
1403 3035 1423 3104 ΙΙ
1451 3039 1556 3090 680
1589 3033 1770 3104 puppi
1795 3040 1836 3086 P
1862 3035 1882 3103 ΙΙ
1910 3039 2012 3090 682
2020 3009 2304 3102 Arquite-

269 3121 408 3162 nens
436 3109 477 3157 P
521 3103 851 3160 Arcitenens
882 3105 1044 3160 ceteri
1068 3106 1088 3174 ΙΙ
1116 3111 1220 3161 684
1255 3105 1449 3175 pelam
1485 3105 1556 3158 69
1599 3106 1728 3161 Nic.
1759 3106 2031 3160 Heinsius
2066 3109 2118 3159 et
2151 3104 2304 3160 Bwr-

268 3191 511 3232 mamms
542 3177 551 3245 Ι
581 3176 787 3258 pelago
822 3180 1007 3229 Pron
1048 3177 1056 3245 Ι
1102 3176 1352 3232 sonantis
1386 3183 1427 3229 P
1470 3178 1492 3246 u
1537 3183 1642 3233 686
1679 3176 1861 3261 multa
1894 3175 2192 3231 timentem
2227 3174 2305 3247 ΡΗ

271 3253 377 3304 691
409 3247 786 3303 Pei-mittebat
811 3248 1083 3303 Heinsius
1113 3259 1121 3314 ι
1155 3264 1284 3303 cum
1312 3263 1343 3302 e
1371 3252 1411 3300 P
1437 3250 1458 3318 ΙΙ
1485 3254 1589 3303 693
1627 3247 1907 3315 sociisque
1933 3251 1974 3299 P
1987 3247 2305 3330 ‘sociosque

271 3320 434 3375 ceteri
464 3321 473 3390 Ι
503 3321 732 3403 portum
757 3324 800 3372 P
845 3321 1071 3374 contum
1111 3318 1517 3387 Wernsdorfiws
1543 3322 1564 3390 ΙΙ
1591 3325 1694 3375 696
1722 3319 1881 3373 iuxta
1907 3322 1948 3370 P
1982 3316 2138 3373 iussa
2165 3333 2301 3374 corr.

270 3391 643 3448 Baehrensius
687 3388 853 3446 iussis
881 3394 951 3443 Pc
970 3390 1041 3443 89
1059 3390 1218 3446 Leia.
1240 3395 1342 3443 Gn
1378 3390 1517 3447 iussi
1553 3409 1586 3458 p
1617 3393 1627 3461 Ι
1660 3392 1720 3447 et
1753 3389 1936 3460 magis
1971 3394 2012 3442 P
2052 3388 2160 3460 [et]
2189 3404 2306 3442 ma·

272 3459 1380 3534 gisPopetiammagisG²etom.1
1942 3509 1951 3517 .
