2517 3909
236 169 321 231 14
917 168 979 223 Ρ.
1016 166 1298 222 PAPINII
1335 167 1580 222 STATII

322 313 465 378 Iam
512 312 754 397 premit
800 316 979 378 astra
1023 311 1162 377 dies
1218 311 1579 398 humilique
1626 333 1705 377 ex
1752 331 2028 397 aequore
2075 310 2277 375 Titan

233 402 557 467 Rorantes
605 402 849 467 evolvit
893 423 1094 487 equos
1142 404 1208 465 et
1255 402 1339 465 ab
1386 401 1650 467 aethere
1696 421 1938 487 magno

239 490 585 557 Sublatum
632 512 822 555 curru
867 490 1140 576 pelagus
1187 490 1388 575 cadit,
1436 512 1509 555 ac
1556 489 1724 555 vada
1770 494 1981 555 mater

239 578 465 664 Scyria
508 579 884 645 iamdudum
929 579 1165 644 fluctus
1212 600 1478 645 emensa
1521 579 1816 663 tenebat,
2169 593 2277 642 245

235 669 675 754 Exierantque
720 668 876 755 iugo
921 666 1082 732 fessi
1127 666 1467 752 delphines
1510 668 1733 733 herili:

239 755 401 823 Cum
446 758 633 842 pueri
675 756 1060 821 tremefacta
1105 757 1288 841 quies
1336 757 1632 841 oculique
1678 755 1952 822 iacentis

237 846 536 911 Infusum
583 868 841 911 sensere
887 845 1076 910 diem.
1168 844 1404 930 Stupet
1449 868 1596 911 aere
1641 846 1881 931 prim0‚

239 935 419 1012 Quae
464 935 636 1019 loca,
683 935 794 1019 qui
839 935 1099 1017 fluctus,
1146 935 1260 998 ubi
1304 934 1575 1000 Pelion?
1667 933 1904 999 Omnia
1949 956 2141 1004 versa

235 1024 454 1108 Atque
500 1025 730 1110 ignota
773 1023 951 1088 videt
996 1023 1381 1109 dubitatque
1427 1045 1780 1110 agnoscere
1826 1027 2124 1090 matrem.
2170 1038 2279 1089 250

239 1111 531 1196 Occupat
573 1113 691 1177 illa
736 1134 936 1177 manu
979 1112 1345 1197 blandeque
1391 1112 1637 1178 adfata.
1659 1115 2030 1196 paventem:

240 1199 334 1266 ‘Si
378 1202 569 1285 mihi,
616 1223 762 1267 care
808 1223 996 1286 puer,
1041 1200 1371 1267 thalamos
1418 1223 1557 1266 sors
1607 1223 1814 1286 aequa
1856 1201 2142 1286 tulisset,

242 1289 417 1366 Quos
465 1290 691 1374 dabat,
738 1290 1048 1356 aetheriis
1096 1310 1217 1375 ego
1265 1294 1331 1355 te
1379 1290 1717 1373 complexa
1760 1293 2049 1355 tenerem

243 1377 434 1444 Sidus
481 1379 728 1465 grande
773 1378 1018 1464 plagis,
1063 1379 1414 1465 magnique
1458 1400 1781 1463 puerpera
1826 1380 1989 1444 caeli

238 1467 355 1532 Nil
402 1467 681 1533 humiles
726 1467 966 1533 Parcas
1012 1472 1399 1552 terrenaque
1443 1467 1584 1532 fata
1629 1489 1903 1534 vererer.
2171 1483 2281 1534 255

241 1554 434 1621 Nunc
476 1557 690 1641 impar
733 1557 857 1621 tibi
866 1607 884 1641 ‚
928 1561 1109 1636 nate,
1157 1578 1360 1642 genus
1370 1606 1387 1639 ‚
1434 1557 1898 1642 praeclusaque
1942 1556 2061 1622 leti

242 1644 527 1709 Tantum
566 1668 605 1710 a
639 1649 848 1710 matre
878 1646 984 1710 via
1012 1648 1136 1731 est3
1176 1645 1335 1729 quin
1361 1649 1428 1710 et
1453 1646 1804 1710 metuenda
1830 1647 2284 1731 propinquant

240 1734 564 1818 Tempora
611 1739 677 1799 et
722 1735 1028 1799 extremis
1076 1733 1339 1799 admota
1382 1734 1671 1818 pericula
1715 1734 1928 1799 metis.

242 1820 563 1888 Cedamus
572 1874 589 1907 ‚
635 1823 1029 1907 paulumque
1076 1823 1328 1888 animos
1375 1823 1688 1888 submitte
1731 1823 1955 1889 viriles

242 1911 460 1996 Atque
503 1913 767 1978 habitus
816 1912 1084 1996 dignare
1130 1932 1331 1977 meos.
1421 1909 1490 1976 Si
1535 1911 1742 1996 Lydia
1786 1913 1947 1977 dura
2171 1929 2282 1979 260

240 1999 453 2066 Pensa
499 2023 698 2065 manu
742 2002 1099 2087 mollesque
1144 2000 1299 2065 tulit
1344 2000 1731 2084 Tirynthius
1778 2001 2033 2086 hastas,

242 2087 315 2154 Si
361 2090 544 2155 decet
589 2093 820 2155 aurata
864 2089 1196 2155 Bacchum
1240 2089 1522 2174 vestigia
1566 2089 1745 2173 palla

244 2177 550 2263 Venere,
596 2179 925 2264 virgineos
970 2178 1026 2243 si
1071 2178 1366 2264 Iuppiter
1409 2179 1624 2242 induit
1670 2183 1878 2262 artus,

248 2265 388 2332 Nec
431 2289 744 2353 magnum
791 2268 1085 2352 ambigui
1127 2268 1463 2353 fregerunt
1507 2264 1761 2332 Caenea
1806 2289 2020 2333 sexus:

248 2356 391 2422 Has
430 2357 589 2440 sine,
625 2377 883 2440 quaeso,
918 2357 1130 2420 minas
1155 2357 1523 2440 nubemque
1552 2355 1727 2420 exire
1754 2357 2130 2444 malignam.
2177 2373 2285 2424 265

244 2444 401 2511 Mox
445 2447 683 2511 iterum
730 2467 1023 2530 campos,
1068 2445 1305 2510 iterum
1354 2443 1740 2511 Centaurica
1782 2446 2046 2511 reddam

243 2533 483 2599 Lustra
526 2534 675 2599 tibi:
723 2556 840 2619 per
885 2555 1009 2620 ego
1055 2534 1180 2600 hoc
1226 2534 1422 2599 decus
1470 2537 1536 2598 et
1581 2536 1858 2598 ventura
1901 2536 2210 2601 iuventae

245 2622 522 2708 Gaudia,
569 2623 626 2687 si
672 2626 882 2688 terras
927 2622 1366 2726 humilemque
1414 2625 1679 2705 experta
1724 2623 2032 2688 maritum

246 2711 338 2776 Te
384 2674 676 2796 propter,
725 2712 780 2777 si
825 2705 1241 2797 progenitum
1290 2711 1532 2796 Stygos
1581 2733 1769 2776 amne
1818 2734 2041 2778 severo

387 2870 439 2907 v
480 2857 601 2906 269.
662 2850 839 2906 Serv.
878 2850 952 2905 ad
986 2850 1156 2920 Verg.
1193 2853 1333 2906 Aen.
1370 2850 1449 2906 VI
1486 2857 1585 2908 57.
1637 2853 1806 2907 ‘unde
1848 2852 2088 2907 Statius·
2137 2851 2188 2906 si
2220 2853 2281 2907 te

386 2982 490 3032 242
530 2975 842 3059 humilique
870 2982 910 3028 P
944 2976 1298 3044 humilesque
1326 2980 1377 3028 Η
1412 2976 1786 3046 humidusque
1825 2984 1902 3031 Gt
1938 2975 2283 3046 humilisque

243 3047 436 3115 Ροῦῖρ
464 3049 484 3118 ss
511 3053 616 3102 244
653 3064 718 3102 ac
754 3047 841 3113 (in
876 3051 1014 3116 ras.)
1050 3045 1121 3099 θ’
1155 3048 1228 3101 ad
1256 3051 1298 3098 P
1335 3048 1396 3101 at
1421 3047 1722 3120 ΡοΠΙΙ245
1752 3049 1960 3103 emissa
1985 3051 2026 3098 P
2063 3063 2282 3102 emersa

242 3123 296 3171 11
320 3122 341 3189 fl
367 3125 472 3174 247
509 3120 771 3190 patentes
788 3123 829 3170 P
863 3118 1110 3173 iacentes
1126 3118 1291 3170 ‹³²11t
1307 3120 1578 3188 paventes
1595 3118 1967 3173 Baehrens-ius
1984 3116 2003 3188 Η
2021 3122 2127 3171 249
2155 3135 2281 3173 ver-

244 3193 334 3245 sat
360 3189 502 3244 (3211
509 3138 557 3260 ΡΙΙ
602 3195 706 3245 252
743 3189 971 3244 tulisset
1004 3195 1045 3242 P
1090 3189 1339 3244 dedisset
1373 3190 1534 3244 θείω
1566 3191 1587 3259 Ι]
1623 3194 1728 3244 255
1775 3190 1937 3245 Nihil
1961 3194 2002 3241 P
2040 3190 2062 3258 ΙΙ
2100 3193 2208 3243 257
2245 3206 2282 3244 a

242 3262 425 3316 matre
452 3267 493 3314 P
519 3268 699 3316 matre
729 3262 889 3316 cete-ri
917 3277 1043 3315 ame
1071 3262 1200 3329 (pro
1229 3277 1264 3314 a
1291 3277 1408 3315 mre
1429 3285 1497 3306 =
1518 3277 1554 3315 a
1579 3264 1783 3331 matre)
1810 3270 1836 3315 t
1862 3263 1882 3332 ΙΙ
1917 3265 2021 3316 259
2059 3259 2281 3344 depone

243 3332 481 3387 virilest
514 3334 535 3403 fl
578 3338 683 3389 260
721 3333 906 3388 auitus
942 3337 983 3384 P
1009 3332 1029 3401 ΙΙ
1057 3336 1160 3385 265
1207 3332 1526 3400 nubemque
1563 3338 1603 3384 P
1641 3349 1959 3416 numenque
1990 3332 2152 3386 ceteri
2178 3349 2280 3385 nu-

244 3420 570 3473 merumque
607 3412 633 3459 t
668 3404 1029 3472 animumque
1068 3401 1272 3455 Venett.
1305 3401 1314 3473 Ι
1345 3403 1655 3473 malignam
1691 3409 1732 3456 P
1768 3403 2081 3473 malignum
2114 3403 2280 3457 ceteri

244 3474 358 3542 (Of.
383 3475 546 3532 Theb.
576 3476 621 3530 I
643 3479 756 3530 124
783 3475 869 3529 II
893 3477 1004 3530 321
1035 3471 1141 3525 IV
1164 3476 1275 3528 512
1313 3473 1519 3530 182*le
1543 3477 1805 3545 3,109)u
1833 3481 1937 3531 267
1970 3474 2202 3562 iubente
2239 3478 2282 3525 P
