2517 3909
719 567 809 647 P.
871 566 1294 684 PAPINII
1354 567 1711 650 STATII

392 676 2063 838 THEBAIDOS

861 921 1579 999 LIBERXH.

225 1191 314 1307 N
317 1246 528 1307 ondum
571 1254 776 1307 cuncta
812 1245 957 1324 polo
999 1249 1142 1326 vigil
1183 1249 1564 1310 inclinaverat
1604 1254 1759 1307 astra

230 1330 440 1406 ortua,
485 1340 544 1391 et
578 1332 884 1391 instantem
924 1349 1101 1393 cornu
1138 1336 1406 1394 tenuiore
1443 1331 1682 1393 vide-bat

227 1415 387 1478 Luna
430 1417 612 1492 diem,
654 1416 915 1494 trepidas
951 1417 1051 1477 ubi
1092 1419 1203 1480 iam
1242 1418 1510 1480 Tithonia
1547 1416 1734 1477 nubes

163 1540 167 1544 Δ
227 1499 479 1561 Discutit
523 1520 593 1562 ac
633 1500 835 1560 reduci
868 1519 1134 1579 magnum
1167 1514 1334 1582 parat
1375 1503 1616 1564 aethera
1657 1501 1919 1563 Phoebo.

229 1585 478 1663 Agmina
524 1587 636 1656 iam
677 1586 823 1645 raris
866 1583 1116 1647 Dircaea
1160 1588 1468 1666 penatibus
1517 1596 1729 1662 errant,

229 1669 437 1731 Noctis
482 1679 688 1749 questa
723 1686 946 1739 moras;
997 1674 1257 1751 quamvis
1296 1682 1432 1732 tunc
1471 1672 1588 1730 otia
1632 1671 1862 1731 tandem

229 1754 308 1815 Et
352 1757 565 1834 primus
603 1763 739 1833 post
780 1754 938 1816 bella
979 1774 1192 1836 sopor,
1234 1765 1429 1816 tamen
1464 1773 1643 1831 aegra
1685 1757 1939 1833 quietem

232 1839 358 1900 Pax
398 1839 593 1918 fugat,
641 1848 700 1899 et
744 1841 907 1900 saevi
949 1843 1200 1901 meminit
1242 1842 1490 1903 victoria
1533 1838 1695 1899 belli.

232 1924 351 1984 Vix
392 1926 575 2004 primo
619 1924 890 2004 proferre
913 1927 1171 2007 ‚gradum
1205 1934 1266 1986 et
1308 1925 1609 1985 munimina
1651 1921 1791 1982 valli

233 2008 520 2085 Solvere,
564 2010 664 2069 vix
706 2018 859 2069 totas
898 2027 1172 2070 reserare
1216 2011 1456 2071 audacia
1492 2017 1712 2088 portas.

233 2095 403 2155 Stant
442 2103 679 2154 veteres
724 2102 856 2154 ante
894 2111 996 2154 ora
1039 2104 1225 2155 metus
1264 2096 1568 2173 campique
1607 2093 1868 2152 vacantis

234 2178 495 2246 Horror;
539 2187 600 2237 ut
643 2177 876 2239 assiduo
921 2179 1148 2239 iactatis
1184 2197 1445 2259 aequore
1486 2178 1662 2240 tellus

230 2264 424 2324 Prima
466 2261 659 2340 labat,
705 2264 793 2323 sic
835 2265 1059 2324 attoniti
1099 2265 1178 2324 nil
1222 2266 1482 2325 cominus
1521 2266 1607 2323 ire

234 2347 512 2408 Mirantur
554 2347 832 2426 fusasque
876 2358 1075 2427 putant
1116 2366 1431 2427 assurgere
1464 2358 1698 2408 turmas.

371 2434 470 2493 Sic
508 2431 607 2492 ubi
650 2433 1001 2512 prospicuae
1046 2435 1421 2495 scandentem
1462 2434 1652 2493 limina
1694 2433 1867 2491 turris

232 2516 457 2579 Idaliae
502 2516 778 2576 volucres
822 2516 1039 2577 fulvum
1081 2518 1414 2596 adspexere
1457 2517 1790 2593 draconem,

235 2602 402 2663 Intus
440 2611 615 2679 agunt
655 2611 823 2662 natos
865 2610 925 2661 et
960 2601 1119 2661 foeta
1165 2602 1376 2663 cubilia
1413 2601 1633 2662 vallant

240 2685 543 2764 Unguibus
585 2685 953 2764 inbellesque
990 2687 1164 2746 citant
1200 2686 1273 2747 ad
1311 2686 1538 2765 proelia
1575 2702 1827 2764 pennas;

240 2770 384 2832 Mox
426 2771 607 2830 ruerit
645 2771 786 2830 licet
829 2771 931 2830 ille
964 2779 1159 2846 retro,
1202 2780 1396 2831 tamen
1441 2788 1577 2831 aera
1613 2771 1822 2831 nudum

242 2853 504 2916 Candida
547 2854 715 2915 turba
755 2855 943 2933 timet,
984 2855 1332 2935 tandemque
1373 2857 1639 2933 ingressa
1685 2856 1915 2915 volatus

238 2939 459 3001 Horret
499 2947 558 2998 et
601 2957 637 2999 a
677 2940 880 3000 mediis
923 2941 1225 3001 etiamnum
1268 2941 1511 3019 respicit
1555 2942 1744 3000 astris.

366 3023 488 3084 Itur
530 3025 589 3083 in
633 3041 957 3100 exanguem
996 3024 1275 3104 populum
1319 3024 1579 3104 bellique
1621 3025 1865 3085 iacentis

238 3108 607 3187 Relliquia3‚
650 3126 761 3187 qua
802 3122 1089 3188 quemque
1126 3109 1328 3185 dolor,
1365 3109 1671 3188 luctusque
1714 3108 1936 3168 cruenti

241 3194 527 3271 Exegere
571 3192 782 3262 duces:
825 3192 884 3254 hi
924 3193 1074 3271 tela,
1121 3193 1181 3253 hi
1219 3211 1505 3273 corpora,
1553 3203 1610 3254 at
1645 3193 1731 3253 illi

246 3277 572 3340 Caesorum
608 3287 824 3340 tantum
865 3295 969 3340 ora
1002 3278 1199 3338 vident
1239 3279 1547 3358 alienaque
1588 3279 1744 3337 iuxta

243 3364 528 3434 Pectora;
574 3381 711 3442 pars
751 3382 956 3424 currus
1003 3363 1222 3425 deflent
1254 3363 1562 3443 viduisque
1604 3363 1935 3440 loquuntur,

242 3447 377 3509 Hoc
420 3447 611 3510 solnm
646 3449 782 3528 quia
822 3458 1039 3528 restat,
1078 3450 1278 3530 equis;
1322 3466 1459 3529 pars
1506 3447 1709 3508 oscula
1750 3443 1931 3524 figunt

2168 2019 2234 2073 10

2168 2444 2234 2496 15

2174 3286 2243 3339 25
