<?xml version="1.0" encoding="UTF-8"?>
<!DOCTYPE html PUBLIC "-//W3C//DTD XHTML 1.0 Transitional//EN"
    "http://www.w3.org/TR/xhtml1/DTD/xhtml1-transitional.dtd">
<html xmlns="http://www.w3.org/1999/xhtml" xml:lang="en" lang="en">
 <head>
  <title>
</title>
<meta http-equiv="Content-Type" content="text/html;charset=utf-8" />
  <meta name='ocr-system' content='tesseract 3.04.00' />
  <meta name='ocr-capabilities' content='ocr_page ocr_carea ocr_par ocr_line ocrx_word'/>
</head>
<body>
  <div class='ocr_page' id='page_1' title='image "./ppapiniusstatiu00placgoog_0043.png"; bbox 0 0 2517 3909; ppageno 0'>
   <div class='ocr_carea' id='block_1_1' title="bbox 915 123 2305 195">
    <p class='ocr_par' dir='ltr' id='par_1_1' title="bbox 915 123 2305 195">
     <span class='ocr_line' id='line_1_1' title="bbox 915 123 2305 195; baseline 0.001 -15"><span class='ocrx_word' id='word_1_1' title='bbox 915 123 1289 190; x_wconf 64' lang='lat' dir='ltr'>samium</span> <span class='ocrx_word' id='word_1_2' title='bbox 1316 126 1380 181; x_wconf 88' lang='lat' dir='ltr'>L.</span> <span class='ocrx_word' id='word_1_3' title='bbox 1419 128 1461 195; x_wconf 91' lang='lat'>1,</span> <span class='ocrx_word' id='word_1_4' title='bbox 1500 132 1551 181; x_wconf 83' lang='lat'>2.</span> <span class='ocrx_word' id='word_1_5' title='bbox 2223 127 2305 194; x_wconf 86' lang='lat'>15</span> 
     </span>
    </p>
   </div>
   <div class='ocr_carea' id='block_1_2' title="bbox 157 268 2302 2400">
    <p class='ocr_par' dir='ltr' id='par_1_2' title="bbox 170 268 1875 357">
     <span class='ocr_line' id='line_1_2' title="bbox 170 268 1875 357; baseline 0.001 -21"><span class='ocrx_word' id='word_1_6' title='bbox 170 271 540 356; x_wconf 84' lang='lat' dir='ltr'>Angustum</span> <span class='ocrx_word' id='word_1_7' title='bbox 586 269 867 354; x_wconf 89' lang='lat' dir='ltr'>spoliare</span> <span class='ocrx_word' id='word_1_8' title='bbox 911 289 1140 338; x_wconf 86' lang='lat' dir='ltr'>nemus</span> <span class='ocrx_word' id='word_1_9' title='bbox 1177 268 1655 357; x_wconf 78' lang='lat' dir='ltr'>Clymeneaque</span> <span class='ocrx_word' id='word_1_10' title='bbox 1694 271 1875 338; x_wconf 88' lang='lat' dir='ltr'>desse</span> 
     </span>
    </p>

    <p class='ocr_par' dir='ltr' id='par_1_3' title="bbox 171 357 1938 446">
     <span class='ocr_line' id='line_1_3' title="bbox 171 357 1938 446; baseline 0.001 -21"><span class='ocrx_word' id='word_1_11' title='bbox 171 359 478 425; x_wconf 79' lang='lat' dir='ltr'>Germina</span> <span class='ocrx_word' id='word_1_12' title='bbox 519 379 640 423; x_wconf 90' lang='lat' dir='ltr'>nec</span> <span class='ocrx_word' id='word_1_13' title='bbox 682 357 923 424; x_wconf 87' lang='lat' dir='ltr'>uirides</span> <span class='ocrx_word' id='word_1_14' title='bbox 969 360 1126 424; x_wconf 85' lang='lat' dir='ltr'>satis</span> <span class='ocrx_word' id='word_1_15' title='bbox 1172 359 1581 426; x_wconf 77' lang='lat' dir='ltr'>inlacrimare</span> <span class='ocrx_word' id='word_1_16' title='bbox 1630 382 1938 446; x_wconf 48' lang='lat' dir='ltr'>sorores3,</span> 
     </span>
    </p>

    <p class='ocr_par' dir='ltr' id='par_1_4' title="bbox 166 445 2302 624">
     <span class='ocr_line' id='line_1_4' title="bbox 166 445 2302 532; baseline 0.002 -19"><span class='ocrx_word' id='word_1_17' title='bbox 166 447 424 514; x_wconf 88' lang='lat' dir='ltr'>Uellera</span> <span class='ocrx_word' id='word_1_18' title='bbox 472 445 738 512; x_wconf 80' lang='lat' dir='ltr'>Sidonio</span> <span class='ocrx_word' id='word_1_19' title='bbox 784 447 917 511; x_wconf 90' lang='lat' dir='ltr'>iam</span> <span class='ocrx_word' id='word_1_20' title='bbox 961 469 1173 532; x_wconf 86' lang='lat' dir='ltr'>pauca</span> <span class='ocrx_word' id='word_1_21' title='bbox 1212 448 1552 515; x_wconf 87' lang='lat' dir='ltr'>rubescere</span> <span class='ocrx_word' id='word_1_22' title='bbox 1597 451 1752 515; x_wconf 89' lang='lat' dir='ltr'>tabo</span> <span class='ocrx_word' id='word_1_23' title='bbox 2200 467 2302 517; x_wconf 80' lang='lat'>125</span> 
     </span>
     <span class='ocr_line' id='line_1_5' title="bbox 167 535 1782 624; baseline 0.002 -23"><span class='ocrx_word' id='word_1_24' title='bbox 167 536 469 621; x_wconf 85' lang='lat' dir='ltr'>Raraque</span> <span class='ocrx_word' id='word_1_25' title='bbox 512 535 853 621; x_wconf 89' lang='lat' dir='ltr'>longaeuis</span> <span class='ocrx_word' id='word_1_26' title='bbox 898 536 1159 601; x_wconf 85' lang='lat' dir='ltr'>niuibus</span> <span class='ocrx_word' id='word_1_27' title='bbox 1206 538 1514 621; x_wconf 86' lang='lat' dir='ltr'>crystalla</span> <span class='ocrx_word' id='word_1_28' title='bbox 1557 539 1782 624; x_wconf 89' lang='lat' dir='ltr'>gelari.</span> 
     </span>
    </p>

    <p class='ocr_par' dir='ltr' id='par_1_5' title="bbox 164 623 1932 711">
     <span class='ocr_line' id='line_1_6' title="bbox 164 623 1932 711; baseline 0.001 -20"><span class='ocrx_word' id='word_1_29' title='bbox 164 625 332 691; x_wconf 83' lang='lat' dir='ltr'>Huic</span> <span class='ocrx_word' id='word_1_30' title='bbox 377 623 695 689; x_wconf 90' lang='lat' dir='ltr'>Hermum</span> <span class='ocrx_word' id='word_1_31' title='bbox 740 624 1048 710; x_wconf 87' lang='lat' dir='ltr'>fuluoque</span> <span class='ocrx_word' id='word_1_32' title='bbox 1094 625 1350 711; x_wconf 82' lang='lat' dir='ltr'>Tagum</span> <span class='ocrx_word' id='word_1_33' title='bbox 1396 627 1727 693; x_wconf 82' lang='lat' dir='ltr'>decurrere</span> <span class='ocrx_word' id='word_1_34' title='bbox 1774 628 1932 694; x_wconf 92' lang='lat' dir='ltr'>limo</span> 
     </span>
    </p>

    <p class='ocr_par' dir='ltr' id='par_1_6' title="bbox 164 711 2011 889">
     <span class='ocr_line' id='line_1_7' title="bbox 166 711 2011 799; baseline 0.002 -20"><span class='ocrx_word' id='word_1_35' title='bbox 166 713 331 799; x_wconf 88' lang='lat' dir='ltr'>(Nec</span> <span class='ocrx_word' id='word_1_36' title='bbox 377 713 539 779; x_wconf 88' lang='lat' dir='ltr'>satis</span> <span class='ocrx_word' id='word_1_37' title='bbox 585 713 667 777; x_wconf 87' lang='lat' dir='ltr'>ad</span> <span class='ocrx_word' id='word_1_38' title='bbox 712 711 969 798; x_wconf 89' lang='lat' dir='ltr'>cultus),</span> <span class='ocrx_word' id='word_1_39' title='bbox 1010 713 1164 778; x_wconf 90' lang='lat' dir='ltr'>huic</span> <span class='ocrx_word' id='word_1_40' title='bbox 1207 716 1335 779; x_wconf 90' lang='lat' dir='ltr'>uda</span> <span class='ocrx_word' id='word_1_41' title='bbox 1379 716 1646 784; x_wconf 84' lang='lat' dir='ltr'>monilia</span> <span class='ocrx_word' id='word_1_42' title='bbox 1691 714 2011 784; x_wconf 84' lang='lat' dir='ltr'>Glaucum</span> 
     </span>
     <span class='ocr_line' id='line_1_8' title="bbox 164 801 1982 889; baseline 0.003 -21"><span class='ocrx_word' id='word_1_43' title='bbox 164 803 531 887; x_wconf 87' lang='lat' dir='ltr'>Proteaque</span> <span class='ocrx_word' id='word_1_44' title='bbox 579 806 771 887; x_wconf 91' lang='lat' dir='ltr'>atque</span> <span class='ocrx_word' id='word_1_45' title='bbox 819 824 1077 867; x_wconf 92' lang='lat' dir='ltr'>omnem</span> <span class='ocrx_word' id='word_1_46' title='bbox 1123 801 1405 868; x_wconf 81' lang='lat' dir='ltr'>Nereida</span> <span class='ocrx_word' id='word_1_47' title='bbox 1447 826 1757 889; x_wconf 86' lang='lat' dir='ltr'>quaerere</span> <span class='ocrx_word' id='word_1_48' title='bbox 1801 806 1982 874; x_wconf 86' lang='lat' dir='ltr'>iussi.</span> 
     </span>
    </p>

    <p class='ocr_par' dir='ltr' id='par_1_7' title="bbox 160 889 2301 1064">
     <span class='ocr_line' id='line_1_9' title="bbox 162 889 2301 980; baseline 0.003 -24"><span class='ocrx_word' id='word_1_49' title='bbox 162 891 353 956; x_wconf 88' lang='lat' dir='ltr'>Hanc</span> <span class='ocrx_word' id='word_1_50' title='bbox 399 892 461 956; x_wconf 83' lang='lat' dir='ltr'>&#39;si</span> <span class='ocrx_word' id='word_1_51' title='bbox 506 889 912 956; x_wconf 90' lang='lat' dir='ltr'>Thessalicos</span> <span class='ocrx_word' id='word_1_52' title='bbox 957 892 1245 977; x_wconf 88' lang='lat' dir='ltr'>uidisses,</span> <span class='ocrx_word' id='word_1_53' title='bbox 1292 892 1572 978; x_wconf 80' lang='lat' dir='ltr'>Phoebe,</span> <span class='ocrx_word' id='word_1_54' title='bbox 1617 916 1733 978; x_wconf 91' lang='lat' dir='ltr'>per</span> <span class='ocrx_word' id='word_1_55' title='bbox 1778 916 1990 980; x_wconf 87' lang='lat' dir='ltr'>agros,</span> <span class='ocrx_word' id='word_1_56' title='bbox 2200 914 2301 964; x_wconf 88' lang='grc'><strong>130</strong></span> 
     </span>
     <span class='ocr_line' id='line_1_10' title="bbox 160 978 1757 1064; baseline 0.001 -19"><span class='ocrx_word' id='word_1_57' title='bbox 160 980 437 1045; x_wconf 79' lang='lat' dir='ltr'>Eri-aret</span> <span class='ocrx_word' id='word_1_58' title='bbox 481 1000 704 1045; x_wconf 89' lang='lat' dir='ltr'>secura</span> <span class='ocrx_word' id='word_1_59' title='bbox 748 978 1040 1064; x_wconf 80' lang='lat' dir='ltr'>Daphne.</span> <span class='ocrx_word' id='word_1_60' title='bbox 1133 982 1191 1046; x_wconf 91' lang='lat' dir='ltr'>si</span> <span class='ocrx_word' id='word_1_61' title='bbox 1234 981 1305 1045; x_wconf 89' lang='lat' dir='ltr'>in</span> <span class='ocrx_word' id='word_1_62' title='bbox 1350 982 1539 1048; x_wconf 89' lang='lat' dir='ltr'>litore</span> <span class='ocrx_word' id='word_1_63' title='bbox 1584 981 1757 1048; x_wconf 82' lang='lat' dir='ltr'>Naxi</span> 
     </span>
    </p>

    <p class='ocr_par' dir='ltr' id='par_1_8' title="bbox 162 1068 1801 1157">
     <span class='ocr_line' id='line_1_11' title="bbox 162 1068 1801 1157; baseline 0.002 -23"><span class='ocrx_word' id='word_1_64' title='bbox 162 1070 492 1147; x_wconf 81' lang='lat' dir='ltr'>Theseum</span> <span class='ocrx_word' id='word_1_65' title='bbox 535 1070 717 1133; x_wconf 85' lang='lat' dir='ltr'>iuxta</span> <span class='ocrx_word' id='word_1_66' title='bbox 761 1068 929 1133; x_wconf 88' lang='lat' dir='ltr'>foret</span> <span class='ocrx_word' id='word_1_67' title='bbox 972 1071 1135 1136; x_wconf 89' lang='lat' dir='ltr'>haec</span> <span class='ocrx_word' id='word_1_68' title='bbox 1178 1074 1530 1154; x_wconf 85' lang='lat' dir='ltr'>conspecta</span> <span class='ocrx_word' id='word_1_69' title='bbox 1574 1073 1801 1157; x_wconf 88' lang='lat' dir='ltr'>cubile,</span> 
     </span>
    </p>

    <p class='ocr_par' dir='ltr' id='par_1_9' title="bbox 165 1157 1942 1244">
     <span class='ocr_line' id='line_1_12' title="bbox 165 1157 1942 1244; baseline 0.004 -21"><span class='ocrx_word' id='word_1_70' title='bbox 165 1157 462 1224; x_wconf 82' lang='lat' dir='ltr'>Gnosida</span> <span class='ocrx_word' id='word_1_71' title='bbox 505 1157 826 1222; x_wconf 74' lang='lat' dir='ltr'>desertam</span> <span class='ocrx_word' id='word_1_72' title='bbox 868 1159 1184 1244; x_wconf 88' lang='lat' dir='ltr'>profugus</span> <span class='ocrx_word' id='word_1_73' title='bbox 1230 1159 1530 1244; x_wconf 89' lang='lat' dir='ltr'>liquisset</span> <span class='ocrx_word' id='word_1_74' title='bbox 1576 1164 1642 1227; x_wconf 86' lang='lat' dir='ltr'>et</span> <span class='ocrx_word' id='word_1_75' title='bbox 1684 1160 1942 1230; x_wconf 86' lang='lat' dir='ltr'>Euhan.</span> 
     </span>
    </p>

    <p class='ocr_par' dir='ltr' id='par_1_10' title="bbox 164 1246 1856 1335">
     <span class='ocr_line' id='line_1_13' title="bbox 164 1246 1856 1335; baseline 0.003 -24"><span class='ocrx_word' id='word_1_76' title='bbox 164 1247 352 1323; x_wconf 80' lang='lat' dir='ltr'>Quod</span> <span class='ocrx_word' id='word_1_77' title='bbox 399 1246 529 1311; x_wconf 89' lang='lat' dir='ltr'>nisi</span> <span class='ocrx_word' id='word_1_78' title='bbox 573 1268 676 1311; x_wconf 94' lang='lat' dir='ltr'>me</span> <span class='ocrx_word' id='word_1_79' title='bbox 721 1247 938 1332; x_wconf 88' lang='lat' dir='ltr'>longis</span> <span class='ocrx_word' id='word_1_80' title='bbox 981 1249 1308 1333; x_wconf 77' lang='lat' dir='ltr'>placasset</span> <span class='ocrx_word' id='word_1_81' title='bbox 1351 1248 1515 1314; x_wconf 88' lang='lat' dir='ltr'>Iuno</span> <span class='ocrx_word' id='word_1_82' title='bbox 1562 1251 1856 1335; x_wconf 85' lang='lat' dir='ltr'>querelis,</span> 
     </span>
    </p>

    <p class='ocr_par' dir='ltr' id='par_1_11' title="bbox 161 1335 2299 1512">
     <span class='ocr_line' id='line_1_14' title="bbox 162 1335 2299 1420; baseline 0.004 -20"><span class='ocrx_word' id='word_1_83' title='bbox 162 1335 398 1401; x_wconf 83' lang='lat' dir='ltr'>Falsus</span> <span class='ocrx_word' id='word_1_84' title='bbox 444 1335 596 1399; x_wconf 90' lang='lat' dir='ltr'>huic</span> <span class='ocrx_word' id='word_1_85' title='bbox 639 1336 875 1420; x_wconf 84' lang='lat' dir='ltr'>pinnas</span> <span class='ocrx_word' id='word_1_86' title='bbox 921 1340 988 1401; x_wconf 92' lang='lat' dir='ltr'>et</span> <span class='ocrx_word' id='word_1_87' title='bbox 1030 1359 1277 1403; x_wconf 88' lang='lat' dir='ltr'>cornua</span> <span class='ocrx_word' id='word_1_88' title='bbox 1322 1344 1606 1404; x_wconf 77' lang='lat' dir='ltr'>sumeret</span> <span class='ocrx_word' id='word_1_89' title='bbox 1651 1339 1911 1406; x_wconf 86' lang='lat' dir='ltr'>aethrae</span> <span class='ocrx_word' id='word_1_90' title='bbox 2197 1359 2299 1409; x_wconf 81' lang='lat'>135</span> 
     </span>
     <span class='ocr_line' id='line_1_15' title="bbox 161 1424 1845 1512; baseline 0.003 -23"><span class='ocrx_word' id='word_1_91' title='bbox 161 1425 424 1509; x_wconf 87' lang='lat' dir='ltr'>Rector,</span> <span class='ocrx_word' id='word_1_92' title='bbox 469 1424 540 1488; x_wconf 90' lang='lat' dir='ltr'>in</span> <span class='ocrx_word' id='word_1_93' title='bbox 583 1424 755 1490; x_wconf 86' lang='lat' dir='ltr'>hanc</span> <span class='ocrx_word' id='word_1_94' title='bbox 799 1447 954 1492; x_wconf 90' lang='lat' dir='ltr'>uero</span> <span class='ocrx_word' id='word_1_95' title='bbox 1000 1427 1336 1494; x_wconf 88' lang='lat' dir='ltr'>cecidisset</span> <span class='ocrx_word' id='word_1_96' title='bbox 1379 1426 1624 1512; x_wconf 86' lang='lat' dir='ltr'>Iupiter</span> <span class='ocrx_word' id='word_1_97' title='bbox 1668 1449 1845 1494; x_wconf 77' lang='lat' dir='ltr'>auro,</span> 
     </span>
    </p>

    <p class='ocr_par' dir='ltr' id='par_1_12' title="bbox 163 1512 2003 1602">
     <span class='ocr_line' id='line_1_16' title="bbox 163 1512 2003 1602; baseline 0.004 -26"><span class='ocrx_word' id='word_1_98' title='bbox 163 1512 290 1577; x_wconf 87' lang='lat' dir='ltr'>Sed</span> <span class='ocrx_word' id='word_1_99' title='bbox 337 1513 599 1577; x_wconf 88' lang='lat' dir='ltr'>dabitur</span> <span class='ocrx_word' id='word_1_100' title='bbox 643 1513 879 1599; x_wconf 90' lang='lat' dir='ltr'>iuueni,</span> <span class='ocrx_word' id='word_1_101' title='bbox 925 1515 1028 1580; x_wconf 86' lang='lat' dir='ltr'>cui</span> <span class='ocrx_word' id='word_1_102' title='bbox 1071 1520 1163 1600; x_wconf 86' lang='lat' dir='ltr'>tu,</span> <span class='ocrx_word' id='word_1_103' title='bbox 1208 1538 1355 1581; x_wconf 87' lang='lat' dir='ltr'>mea</span> <span class='ocrx_word' id='word_1_104' title='bbox 1401 1538 1653 1582; x_wconf 88' lang='lat' dir='ltr'>summa</span> <span class='ocrx_word' id='word_1_105' title='bbox 1696 1520 2003 1602; x_wconf 87' lang='lat' dir='ltr'>potestas,</span> 
     </span>
    </p>

    <p class='ocr_par' dir='ltr' id='par_1_13' title="bbox 160 1601 1991 1690">
     <span class='ocr_line' id='line_1_17' title="bbox 160 1601 1991 1690; baseline 0.003 -24"><span class='ocrx_word' id='word_1_106' title='bbox 160 1601 354 1686; x_wconf 87' lang='lat' dir='ltr'>Nate,</span> <span class='ocrx_word' id='word_1_107' title='bbox 404 1602 602 1686; x_wconf 89' lang='lat' dir='ltr'>cupis,</span> <span class='ocrx_word' id='word_1_108' title='bbox 648 1601 923 1668; x_wconf 85' lang='lat' dir='ltr'>thalami</span> <span class='ocrx_word' id='word_1_109' title='bbox 968 1605 1265 1688; x_wconf 88' lang='lat' dir='ltr'>quamuis</span> <span class='ocrx_word' id='word_1_110' title='bbox 1310 1605 1466 1690; x_wconf 88' lang='lat' dir='ltr'>iuga</span> <span class='ocrx_word' id='word_1_111' title='bbox 1511 1605 1677 1672; x_wconf 89' lang='lat' dir='ltr'>ferre</span> <span class='ocrx_word' id='word_1_112' title='bbox 1726 1607 1991 1672; x_wconf 91' lang='lat' dir='ltr'>secundi</span> 
     </span>
    </p>

    <p class='ocr_par' dir='ltr' id='par_1_14' title="bbox 163 1689 1931 1778">
     <span class='ocr_line' id='line_1_18' title="bbox 163 1689 1931 1778; baseline 0.003 -23"><span class='ocrx_word' id='word_1_113' title='bbox 163 1689 371 1774; x_wconf 87' lang='lat' dir='ltr'>Saepe</span> <span class='ocrx_word' id='word_1_114' title='bbox 421 1694 617 1775; x_wconf 88' lang='lat' dir='ltr'>neget</span> <span class='ocrx_word' id='word_1_115' title='bbox 659 1712 970 1758; x_wconf 87' lang='lat' dir='ltr'>maerens.</span> <span class='ocrx_word' id='word_1_116' title='bbox 1057 1692 1271 1778; x_wconf 86' lang='lat' dir='ltr'>ipsam</span> <span class='ocrx_word' id='word_1_117' title='bbox 1313 1693 1446 1757; x_wconf 89' lang='lat' dir='ltr'>iam</span> <span class='ocrx_word' id='word_1_118' title='bbox 1491 1694 1711 1760; x_wconf 89' lang='lat' dir='ltr'>cedere</span> <span class='ocrx_word' id='word_1_119' title='bbox 1758 1696 1931 1760; x_wconf 87' lang='lat' dir='ltr'>sensi</span> 
     </span>
    </p>

    <p class='ocr_par' dir='ltr' id='par_1_15' title="bbox 160 1778 2298 1955">
     <span class='ocr_line' id='line_1_19' title="bbox 160 1778 2298 1863; baseline 0.004 -20"><span class='ocrx_word' id='word_1_120' title='bbox 160 1778 368 1863; x_wconf 89' lang='lat' dir='ltr'>Inque</span> <span class='ocrx_word' id='word_1_121' title='bbox 415 1778 624 1844; x_wconf 86' lang='lat' dir='ltr'>uicem</span> <span class='ocrx_word' id='word_1_122' title='bbox 668 1780 969 1863; x_wconf 85' lang='lat' dir='ltr'>tepuisse.</span> <span class='ocrx_word' id='word_1_123' title='bbox 1000 1780 1191 1847; x_wconf 88' lang='lat' dir='ltr'>uir0.&#39;</span> <span class='ocrx_word' id='word_1_124' title='bbox 1285 1781 1377 1846; x_wconf 89' lang='lat' dir='ltr'>sic</span> <span class='ocrx_word' id='word_1_125' title='bbox 1422 1781 1562 1846; x_wconf 86' lang='lat' dir='ltr'>fata</span> <span class='ocrx_word' id='word_1_126' title='bbox 1606 1783 1852 1847; x_wconf 88' lang='lat' dir='ltr'>leuauit</span> <span class='ocrx_word' id='word_1_127' title='bbox 2196 1803 2298 1852; x_wconf 83' lang='lat'>140</span> 
     </span>
     <span class='ocr_line' id='line_1_20' title="bbox 162 1866 1837 1955; baseline 0.001 -23"><span class='ocrx_word' id='word_1_128' title='bbox 162 1866 465 1933; x_wconf 84' lang='lat' dir='ltr'>Sidereos</span> <span class='ocrx_word' id='word_1_129' title='bbox 512 1872 691 1938; x_wconf 85' lang='lat' dir='ltr'>artus</span> <span class='ocrx_word' id='word_1_130' title='bbox 737 1868 1135 1954; x_wconf 83' lang='lat' dir='ltr'>thalamique</span> <span class='ocrx_word' id='word_1_131' title='bbox 1180 1890 1443 1955; x_wconf 88' lang='lat' dir='ltr'>egressa</span> <span class='ocrx_word' id='word_1_132' title='bbox 1489 1871 1837 1953; x_wconf 89' lang='lat' dir='ltr'>superbum</span> 
     </span>
    </p>

    <p class='ocr_par' dir='ltr' id='par_1_16' title="bbox 162 1955 1747 2042">
     <span class='ocr_line' id='line_1_21' title="bbox 162 1955 1747 2042; baseline 0.001 -22"><span class='ocrx_word' id='word_1_133' title='bbox 162 1955 398 2021; x_wconf 90' lang='lat' dir='ltr'>Limen</span> <span class='ocrx_word' id='word_1_134' title='bbox 443 1956 836 2042; x_wconf 87' lang='lat' dir='ltr'>Amyclaeos</span> <span class='ocrx_word' id='word_1_135' title='bbox 885 1959 967 2023; x_wconf 88' lang='lat' dir='ltr'>ad</span> <span class='ocrx_word' id='word_1_136' title='bbox 1012 1958 1195 2024; x_wconf 86' lang='lat' dir='ltr'>frena</span> <span class='ocrx_word' id='word_1_137' title='bbox 1240 1959 1472 2023; x_wconf 89' lang='lat' dir='ltr'>citauit</span> <span class='ocrx_word' id='word_1_138' title='bbox 1519 1959 1747 2023; x_wconf 88' lang='lat' dir='ltr'>olores.</span> 
     </span>
    </p>

    <p class='ocr_par' dir='ltr' id='par_1_17' title="bbox 157 2044 2092 2219">
     <span class='ocr_line' id='line_1_22' title="bbox 157 2044 2092 2132; baseline 0.002 -22"><span class='ocrx_word' id='word_1_139' title='bbox 157 2045 388 2131; x_wconf 87' lang='lat' dir='ltr'>Iungit</span> <span class='ocrx_word' id='word_1_140' title='bbox 432 2044 639 2112; x_wconf 88' lang='lat' dir='ltr'>Amor</span> <span class='ocrx_word' id='word_1_141' title='bbox 684 2048 1052 2132; x_wconf 87' lang='lat' dir='ltr'>laetamque</span> <span class='ocrx_word' id='word_1_142' title='bbox 1095 2046 1341 2114; x_wconf 89' lang='lat' dir='ltr'>uehens</span> <span class='ocrx_word' id='word_1_143' title='bbox 1387 2069 1503 2131; x_wconf 92' lang='lat' dir='ltr'>per</span> <span class='ocrx_word' id='word_1_144' title='bbox 1547 2047 1775 2112; x_wconf 90' lang='lat' dir='ltr'>nubila</span> <span class='ocrx_word' id='word_1_145' title='bbox 1817 2051 2092 2115; x_wconf 88' lang='lat' dir='ltr'>matrem</span> 
     </span>
     <span class='ocr_line' id='line_1_23' title="bbox 160 2133 1891 2219; baseline 0.001 -20"><span class='ocrx_word' id='word_1_146' title='bbox 160 2133 507 2199; x_wconf 79' lang='lat' dir='ltr'>Gemmato</span> <span class='ocrx_word' id='word_1_147' title='bbox 552 2139 813 2201; x_wconf 88' lang='lat' dir='ltr'>temone</span> <span class='ocrx_word' id='word_1_148' title='bbox 859 2136 1052 2202; x_wconf 88' lang='lat' dir='ltr'>sedet.</span> <span class='ocrx_word' id='word_1_149' title='bbox 1141 2138 1275 2202; x_wconf 90' lang='lat' dir='ltr'>iam</span> <span class='ocrx_word' id='word_1_150' title='bbox 1321 2136 1666 2219; x_wconf 86' lang='lat' dir='ltr'>Thybridis</span> <span class='ocrx_word' id='word_1_151' title='bbox 1712 2157 1891 2201; x_wconf 91' lang='lat' dir='ltr'>arces</span> 
     </span>
    </p>

    <p class='ocr_par' dir='ltr' id='par_1_18' title="bbox 158 2222 2295 2400">
     <span class='ocr_line' id='line_1_24' title="bbox 158 2222 2295 2310; baseline 0.003 -24"><span class='ocrx_word' id='word_1_152' title='bbox 158 2222 429 2289; x_wconf 85' lang='lat' dir='ltr'>Iliacae:</span> <span class='ocrx_word' id='word_1_153' title='bbox 474 2224 707 2307; x_wconf 83' lang='lat' dir='ltr'>pandit</span> <span class='ocrx_word' id='word_1_154' title='bbox 750 2225 989 2290; x_wconf 87' lang='lat' dir='ltr'>nitidos</span> <span class='ocrx_word' id='word_1_155' title='bbox 1034 2226 1264 2308; x_wconf 68' lang='lat' dir='ltr'>demus</span> <span class='ocrx_word' id='word_1_156' title='bbox 1302 2226 1440 2290; x_wconf 89' lang='lat' dir='ltr'>alta</span> <span class='ocrx_word' id='word_1_157' title='bbox 1474 2230 1763 2310; x_wconf 87' lang='lat' dir='ltr'>penates,</span> <span class='ocrx_word' id='word_1_158' title='bbox 2193 2243 2295 2293; x_wconf 82' lang='lat'>145</span> 
     </span>
     <span class='ocr_line' id='line_1_25' title="bbox 159 2309 1842 2400; baseline 0.002 -25"><span class='ocrx_word' id='word_1_159' title='bbox 159 2309 479 2396; x_wconf 84' lang='lat' dir='ltr'>Claraque</span> <span class='ocrx_word' id='word_1_160' title='bbox 525 2313 881 2397; x_wconf 86' lang='lat' dir='ltr'>gaudentes</span> <span class='ocrx_word' id='word_1_161' title='bbox 925 2314 1308 2397; x_wconf 89' lang='lat' dir='ltr'>plauserunt</span> <span class='ocrx_word' id='word_1_162' title='bbox 1351 2314 1580 2379; x_wconf 89' lang='lat' dir='ltr'>limina</span> <span class='ocrx_word' id='word_1_163' title='bbox 1626 2315 1842 2400; x_wconf 84' lang='lat' dir='ltr'>cygni.</span> 
     </span>
    </p>
   </div>
   <div class='ocr_carea' id='block_1_3' title="bbox 159 2490 589 2498">
    <p class='ocr_par' dir='ltr' id='par_1_19' title="bbox 159 2490 589 2498">
     <span class='ocr_line' id='line_1_26' title="bbox 159 2490 589 2498; baseline 0 1411"><span class='ocrx_word' id='word_1_164' title='bbox 159 2490 589 2498; x_wconf 95' lang='lat' dir='ltr'> </span> 
     </span>
    </p>
   </div>
   <div class='ocr_carea' id='block_1_4' title="bbox 158 2608 2295 2806">
    <p class='ocr_par' dir='ltr' id='par_1_20' title="bbox 158 2608 2295 2806">
     <span class='ocr_line' id='line_1_27' title="bbox 302 2608 2295 2682; baseline 0.004 -20"><span class='ocrx_word' id='word_1_165' title='bbox 302 2613 423 2663; x_wconf 80' lang='lat'>135.</span> <span class='ocrx_word' id='word_1_166' title='bbox 489 2608 881 2665; x_wconf 85' lang='lat' dir='ltr'>Priscianus</span> <span class='ocrx_word' id='word_1_167' title='bbox 916 2610 971 2663; x_wconf 89' lang='lat' dir='ltr'>H</span> <span class='ocrx_word' id='word_1_168' title='bbox 1006 2627 1060 2680; x_wconf 93' lang='lat' dir='ltr'>p.</span> <span class='ocrx_word' id='word_1_169' title='bbox 1103 2617 1169 2665; x_wconf 83' lang='lat'>10</span> <span class='ocrx_word' id='word_1_170' title='bbox 1205 2612 1276 2665; x_wconf 93' lang='lat' dir='ltr'>H.</span> <span class='ocrx_word' id='word_1_171' title='bbox 1333 2611 1580 2668; x_wconf 84' lang='lat' dir='ltr'>‘Statius</span> <span class='ocrx_word' id='word_1_172' title='bbox 1617 2629 1838 2682; x_wconf 87' lang='lat' dir='ltr'>quoque</span> <span class='ocrx_word' id='word_1_173' title='bbox 1873 2614 2033 2670; x_wconf 89' lang='lat' dir='ltr'>huic</span> <span class='ocrx_word' id='word_1_174' title='bbox 2068 2614 2295 2671; x_wconf 88' lang='lat' dir='ltr'>uidetur</span> 
     </span>
     <span class='ocr_line' id='line_1_28' title="bbox 158 2679 2291 2806; baseline 0.006 -75"><span class='ocrx_word' id='word_1_175' title='bbox 158 2679 909 2806; x_wconf 45' lang='lat' dir='ltr'>ssxaefflhizse—peareffllegeosin</span> <span class='ocrx_word' id='word_1_176' title='bbox 944 2680 1005 2735; x_wconf 88' lang='lat' dir='ltr'>in</span> <span class='ocrx_word' id='word_1_177' title='bbox 1039 2681 1222 2750; x_wconf 85' lang='lat' dir='ltr'>primo</span> <span class='ocrx_word' id='word_1_178' title='bbox 1259 2682 1527 2738; x_wconf 83' lang='lat' dir='ltr'>siluarum</span> <span class='ocrx_word' id='word_1_179' title='bbox 1564 2726 1576 2739; x_wconf 91' lang='lat'>.</span> <span class='ocrx_word' id='word_1_180' title='bbox 1617 2724 1629 2736; x_wconf 90' lang='lat'>.</span> <span class='ocrx_word' id='word_1_181' title='bbox 1670 2726 1683 2739; x_wconf 93' lang='lat'>.</span> <span class='ocrx_word' id='word_1_182' title='bbox 1725 2726 1738 2738; x_wconf 92' lang='lat'>.</span> <span class='ocrx_word' id='word_1_183' title='bbox 1784 2684 1934 2740; x_wconf 89' lang='lat' dir='ltr'>idem</span> <span class='ocrx_word' id='word_1_184' title='bbox 1970 2686 2030 2740; x_wconf 89' lang='lat' dir='ltr'>in</span> <span class='ocrx_word' id='word_1_185' title='bbox 2067 2687 2291 2743; x_wconf 83' lang='lat' dir='ltr'>eodem:</span> 
     </span>
    </p>
   </div>
   <div class='ocr_carea' id='block_1_5' title="bbox 158 2901 584 2922">
    <p class='ocr_par' dir='ltr' id='par_1_21' title="bbox 158 2901 584 2922">
     <span class='ocr_line' id='line_1_29' title="bbox 158 2901 584 2922; baseline 0 987"><span class='ocrx_word' id='word_1_186' title='bbox 158 2901 584 2922; x_wconf 95' lang='lat' dir='ltr'> </span> 
     </span>
    </p>
   </div>
   <div class='ocr_carea' id='block_1_6' title="bbox 152 3034 2293 3444">
    <p class='ocr_par' dir='ltr' id='par_1_22' title="bbox 297 3034 2291 3110">
     <span class='ocr_line' id='line_1_30' title="bbox 297 3034 2291 3110; baseline 0.005 -24"><span class='ocrx_word' id='word_1_187' title='bbox 297 3039 402 3087; x_wconf 79' lang='grc'><strong>123</strong></span> <span class='ocrx_word' id='word_1_188' title='bbox 440 3034 527 3087; x_wconf 90' lang='lat' dir='ltr'>An</span> <span class='ocrx_word' id='word_1_189' title='bbox 635 3036 757 3089; x_wconf 88' lang='lat' dir='ltr'>tum</span> <span class='ocrx_word' id='word_1_190' title='bbox 795 3041 842 3088; x_wconf 98' lang='lat' dir='ltr'>A</span> <span class='ocrx_word' id='word_1_191' title='bbox 879 3042 939 3090; x_wconf 81' lang='lat' dir='ltr'>c:</span> <span class='ocrx_word' id='word_1_192' title='bbox 975 3037 1294 3107; x_wconf 87' lang='lat' dir='ltr'>Augustum</span> <span class='ocrx_word' id='word_1_193' title='bbox 1333 3043 1368 3093; x_wconf 79' lang='grc' dir='ltr'><strong>ς</strong></span> <span class='ocrx_word' id='word_1_194' title='bbox 1403 3040 1410 3107; x_wconf 95' lang='grc' dir='ltr'>Ι</span> <span class='ocrx_word' id='word_1_195' title='bbox 1444 3038 1713 3109; x_wconf 88' lang='lat' dir='ltr'>spoliasse</span> <span class='ocrx_word' id='word_1_196' title='bbox 1756 3039 2026 3095; x_wconf 78' lang='lat' dir='ltr'>Heinsius</span> <span class='ocrx_word' id='word_1_197' title='bbox 2058 3043 2066 3110; x_wconf 89' lang='grc' dir='ltr'>Ι</span> <span class='ocrx_word' id='word_1_198' title='bbox 2099 3042 2291 3097; x_wconf 86' lang='lat' dir='ltr'>deesse</span> 
     </span>
    </p>

    <p class='ocr_par' dir='ltr' id='par_1_23' title="bbox 158 3104 2293 3181">
     <span class='ocr_line' id='line_1_31' title="bbox 158 3104 2293 3181; baseline 0.006 -27"><span class='ocrx_word' id='word_1_199' title='bbox 158 3108 191 3154; x_wconf 77' lang='lat'><strong>0</strong></span> <span class='ocrx_word' id='word_1_200' title='bbox 223 3122 257 3156; x_wconf 83' lang='lat' dir='ltr'>a</span> <span class='ocrx_word' id='word_1_201' title='bbox 290 3105 311 3174; x_wconf 76' lang='grc' dir='ltr'>ΙΙ</span> <span class='ocrx_word' id='word_1_202' title='bbox 351 3109 456 3159; x_wconf 80' lang='grc'><strong>127</strong></span> <span class='ocrx_word' id='word_1_203' title='bbox 557 3104 650 3161; x_wconf 88' lang='lat' dir='ltr'>inc</span> <span class='ocrx_word' id='word_1_204' title='bbox 695 3113 731 3159; x_wconf 76' lang='lat' dir='ltr'><strong>G</strong></span> <span class='ocrx_word' id='word_1_205' title='bbox 768 3126 802 3160; x_wconf 83' lang='lat' dir='ltr'>a</span> <span class='ocrx_word' id='word_1_206' title='bbox 836 3109 856 3178; x_wconf 83' lang='grc' dir='ltr'>ΙΙ</span> <span class='ocrx_word' id='word_1_207' title='bbox 895 3113 995 3162; x_wconf 84' lang='grc'><strong>128</strong></span> <span class='ocrx_word' id='word_1_208' title='bbox 1033 3108 1165 3163; x_wconf 87' lang='lat' dir='ltr'>hinc</span> <span class='ocrx_word' id='word_1_209' title='bbox 1198 3108 1314 3163; x_wconf 90' lang='lat' dir='ltr'>uda</span> <span class='ocrx_word' id='word_1_210' title='bbox 1351 3115 1386 3161; x_wconf 82' lang='lat' dir='ltr'>c</span> <span class='ocrx_word' id='word_1_211' title='bbox 1422 3129 1480 3177; x_wconf 82' lang='lat' dir='ltr'>a;</span> <span class='ocrx_word' id='word_1_212' title='bbox 1526 3110 1668 3165; x_wconf 89' lang='lat' dir='ltr'>Inda</span> <span class='ocrx_word' id='word_1_213' title='bbox 1701 3111 1861 3166; x_wconf 83' lang='lat' dir='ltr'>Dom.</span> <span class='ocrx_word' id='word_1_214' title='bbox 1900 3113 1920 3181; x_wconf 77' lang='grc' dir='ltr'>ΙΙ</span> <span class='ocrx_word' id='word_1_215' title='bbox 1959 3117 2058 3165; x_wconf 85' lang='grc'>131</span> <span class='ocrx_word' id='word_1_216' title='bbox 2098 3128 2293 3167; x_wconf 87' lang='lat' dir='ltr'>secura</span> 
     </span>
    </p>

    <p class='ocr_par' dir='ltr' id='par_1_24' title="bbox 160 3173 2293 3250">
     <span class='ocr_line' id='line_1_32' title="bbox 160 3173 2293 3250; baseline 0.006 -24"><span class='ocrx_word' id='word_1_217' title='bbox 160 3173 409 3244; x_wconf 83' lang='lat' dir='ltr'>daphnes</span> <span class='ocrx_word' id='word_1_218' title='bbox 436 3175 499 3229; x_wconf 89' lang='lat' dir='ltr'>in</span> <span class='ocrx_word' id='word_1_219' title='bbox 527 3175 612 3231; x_wconf 88' lang='lat' dir='ltr'>lit.</span> <span class='ocrx_word' id='word_1_220' title='bbox 642 3183 694 3246; x_wconf 77' lang='lat'>0,</span> <span class='ocrx_word' id='word_1_221' title='bbox 732 3195 869 3234; x_wconf 75' lang='lat' dir='ltr'>corr.</span> <span class='ocrx_word' id='word_1_222' title='bbox 896 3179 1123 3246; x_wconf 77' lang='lat' dir='ltr'>Tollius,</span> <span class='ocrx_word' id='word_1_223' title='bbox 1158 3181 1273 3234; x_wconf 77' lang='lat' dir='ltr'>nisi</span> <span class='ocrx_word' id='word_1_224' title='bbox 1298 3182 1444 3249; x_wconf 75' lang='lat' dir='ltr'>quod</span> <span class='ocrx_word' id='word_1_225' title='bbox 1476 3180 1538 3236; x_wconf 90' lang='lat' dir='ltr'>in</span> <span class='ocrx_word' id='word_1_226' title='bbox 1573 3182 1768 3237; x_wconf 81' lang='lat' dir='ltr'>omisit.</span> <span class='ocrx_word' id='word_1_227' title='bbox 1807 3182 2059 3250; x_wconf 87' lang='lat' dir='ltr'>daphnes</span> <span class='ocrx_word' id='word_1_228' title='bbox 2097 3199 2293 3238; x_wconf 83' lang='lat' dir='ltr'>secura</span> 
     </span>
    </p>

    <p class='ocr_par' dir='ltr' id='par_1_25' title="bbox 157 3243 2292 3322">
     <span class='ocr_line' id='line_1_33' title="bbox 157 3243 2292 3322; baseline 0.004 -23"><span class='ocrx_word' id='word_1_229' title='bbox 157 3243 211 3299; x_wconf 88' lang='lat' dir='ltr'>in</span> <span class='ocrx_word' id='word_1_230' title='bbox 244 3245 331 3301; x_wconf 87' lang='lat' dir='ltr'>lit.</span> <span class='ocrx_word' id='word_1_231' title='bbox 371 3264 406 3298; x_wconf 73' lang='lat' dir='ltr'>a</span> <span class='ocrx_word' id='word_1_232' title='bbox 446 3248 467 3317; x_wconf 76' lang='grc' dir='ltr'>ΙΙ</span> <span class='ocrx_word' id='word_1_233' title='bbox 515 3253 617 3301; x_wconf 75' lang='grc'><strong>136</strong></span> <span class='ocrx_word' id='word_1_234' title='bbox 671 3248 872 3306; x_wconf 83' lang='lat' dir='ltr'>Falsus</span> <span class='ocrx_word' id='word_1_235' title='bbox 911 3250 1242 3305; x_wconf 74' lang='lat' dir='ltr'>Priscianus</span> <span class='ocrx_word' id='word_1_236' title='bbox 1287 3256 1334 3303; x_wconf 98' lang='lat' dir='ltr'>A</span> <span class='ocrx_word' id='word_1_237' title='bbox 1379 3258 1440 3307; x_wconf 79' lang='lat' dir='ltr'>c:</span> <span class='ocrx_word' id='word_1_238' title='bbox 1486 3253 1680 3307; x_wconf 84' lang='lat' dir='ltr'>Falsas</span> <span class='ocrx_word' id='word_1_239' title='bbox 1730 3258 1765 3306; x_wconf 79' lang='grc' dir='ltr'>ς</span> <span class='ocrx_word' id='word_1_240' title='bbox 1813 3255 1822 3320; x_wconf 85' lang='grc' dir='ltr'>Ι</span> <span class='ocrx_word' id='word_1_241' title='bbox 1861 3253 2060 3321; x_wconf 88' lang='lat' dir='ltr'>pinnas</span> <span class='ocrx_word' id='word_1_242' title='bbox 2096 3255 2292 3322; x_wconf 80' lang='lat' dir='ltr'>optimi</span> 
     </span>
    </p>

    <p class='ocr_par' dir='ltr' id='par_1_26' title="bbox 152 3315 2285 3444">
     <span class='ocr_line' id='line_1_34' title="bbox 152 3315 2285 3441; baseline 0.003 -70"><span class='ocrx_word' id='word_1_243' title='bbox 152 3315 447 3441; x_wconf 52' lang='lat' dir='ltr'>griseiam&#39;</span> <span class='ocrx_word' id='word_1_244' title='bbox 501 3319 682 3375; x_wconf 74' lang='lat' dir='ltr'>codd„-</span> <span class='ocrx_word' id='word_1_245' title='bbox 734 3337 946 3391; x_wconf 87' lang='lat' dir='ltr'>pennas</span> <span class='ocrx_word' id='word_1_246' title='bbox 997 3326 1044 3373; x_wconf 97' lang='lat' dir='ltr'>A</span> <span class='ocrx_word' id='word_1_247' title='bbox 1102 3328 1137 3374; x_wconf 87' lang='lat' dir='ltr'>c</span> <span class='ocrx_word' id='word_1_248' title='bbox 1188 3325 1208 3392; x_wconf 72' lang='grc' dir='ltr'>ΙΙ</span> <span class='ocrx_word' id='word_1_249' title='bbox 1265 3329 1369 3378; x_wconf 82' lang='grc'><strong>136</strong></span> <span class='ocrx_word' id='word_1_250' title='bbox 1431 3323 1590 3395; x_wconf 85' lang='lat' dir='ltr'>uero]</span> <span class='ocrx_word' id='word_1_251' title='bbox 1647 3323 1760 3378; x_wconf 86' lang='lat' dir='ltr'>alio</span> <span class='ocrx_word' id='word_1_252' title='bbox 1819 3324 1894 3377; x_wconf 88' lang='lat' dir='ltr'><em>M</em></span> <span class='ocrx_word' id='word_1_253' title='bbox 1893 3324 2028 3380; x_wconf 81' lang='lat' dir='ltr'>arkl.</span> <span class='ocrx_word' id='word_1_254' title='bbox 2084 3324 2285 3379; x_wconf 85' lang='lat' dir='ltr'>iterum</span> 
     </span>
     <span class='ocr_line' id='line_1_35' title="bbox 203 3405 522 3444; baseline 0 0"><span class='ocrx_word' id='word_1_255' title='bbox 203 3405 522 3444; x_wconf 69' lang='lat' dir='ltr'>armannus</span> 
     </span>
    </p>
   </div>
  </div>
 </body>
</html>
