2517 3909
817 159 1215 207 THEBAIDOS
1261 160 1401 208 ΜΒ.
1438 159 1549 208 xr.
2054 149 2171 210 2‘41

175 311 461 377 Stabitis?
503 313 885 392 usqueadeo
927 315 1187 392 geminas
1231 314 1469 375 duxisse
1507 312 1785 375 cohortes

171 400 254 461 Et
292 399 518 459 facinus
559 398 867 459 mandasse
907 417 1126 478 parum*
1148 397 1280 460 est?
1325 416 1443 478 quo
1481 398 1690 460 deinde
1730 398 1943 460 redibit

168 480 423 544 Victor?
467 484 526 542 in
565 483 752 543 hosne
797 481 997 543 sinus?
1049 502 1084 544 o
1128 484 1252 545 diri·
1283 485 1547 562 coniugis
1592 483 1731 544 olim

168 567 411 629 Felices
452 567 765 628 tenebrae!
826 567 1006 646 datis,
1051 568 1300 648 inproba
1337 569 1580 645 lumina,
1623 585 1866 647 poenas.

168 653 337 713 Haec
379 653 700 732 spectanda
742 650 910 712 dies?
953 671 1102 732 quo,
1145 672 1359 731 saeve,
1403 654 1674 713 minantia
1712 652 1902 714 flectis
2072 664 2176 719 335

169 735 335 797 Ora?
393 737 530 816 quid
574 736 832 796 alternos
874 738 1068 798 vultus
1111 738 1421 817 pallorque
1463 738 1760 816 ruborque

168 818 398 882 Mutat?
440 831 500 881 et
539 821 738 880 obnixi
773 821 1042 900 frangunt
1084 822 1236 883 mala
1277 841 1563 883 murmura
1605 819 1887 899 dentes?-

166 905 267 966 Me
309 907 611 981 miseram,
653 906 885 967 vinces!
934 908 1095 985 prius
1130 907 1282 968 haec
1308 916 1500 968 tamen
1528 925 1686 968 arma
1713 923 1975 967 necesse·
1997 915 2091 966 est

166 989 504 1070 Experiare
547 990 729 1059 domi;
774 991 943 1052 stabo
987 993 1114 1071 ipsa
1157 993 1215 1051 in
1256 991 1448 1052 limine
1492 999 1699 1071 portae

167 1075 513 1154 Auspicium
554 1075 759 1135 infelix
800 1076 1209 1155 scelerumque
1250 1077 1491 1136 inmanis
1535 1078 1747 1153 imago.
2034 1122 2039 1133 .
2071 1083 2176 1140 340

166 1159 336 1220 Haec
380 1159 484 1220 tibi
528 1161 800 1235 canities,
845 1159 993 1220 haec
1037 1170 1166 1223 sunt
1203 1161 1513 1238 calcanda,
1558 1160 1832 1235 nefande,

164 1243 402 1321 Ubera,
448 1262 673 1323 perque
716 1253 942 1305 uterum
980 1246 1222 1325 sonipes
1264 1245 1360 1305 hic
1400 1246 1596 1304 matris
1637 1244 1917 1322 agendus.

165 1329 393 1405 Parce,
440 1329 576 1408 quid
618 1331 947 1407 oppositam
993 1330 1204 1409 capulo
1249 1347 1566 1408 parmaque
1605 1324 1894 1409 repellis?

163 1411 305 1474 Non
342 1431 459 1490 ego
504 1423 562 1474 te
607 1423 810 1474 contra
848 1415 1066 1491 Stygiis
1107 1414 1317 1475 feralia
1354 1414 1518 1474 sanxi

163 1499 325 1559 Vota
366 1497 523 1575 deis,
571 1515 756 1559 caeco
798 1517 910 1558 nec
946 1498 1194 1575 Erinyas
1237 1516 1342 1558 ore
1385 1498 1609 1576 rogavi.
2068 1508 2170 1563 345

162 1583 399 1644 Exaudi
435 1584 733 1652 miseram
779 1585 1050 1661 genetrix
1091 1593 1185 1659 te,
1230 1600 1449 1659 saeve,
1494 1590 1786 1661 precatur,

159 1666 302 1729 Non
340 1677 536 1747 pater;
581 1668 731 1728 adde
771 1685 991 1728 moram
1031 1668 1251 1728 sceleri
1295 1676 1354 1727 et
1393 1667 1634 1741 metire,
1682 1666 1839 1743 quod
1881 1666 2083 1728 audes.

164 1752 292 1813 Sed
336 1752 532 1830 pulsat
563 1769 759 1812 muros
795 1771 1135 1830 germanus,
1179 1760 1240 1812 et
1281 1752 1435 1830 inpia
1474 1759 1679 1810 contra

158 1837 337 1898 Bella
381 1833 540 1896 ciet?
588 1853 705 1896 non
745 1846 932 1897 mater
971 1838 1154 1912 enim,
1199 1853 1319 1896 non
1358 1835 1552 1895 obstat
1593 1835 1748 1894 eunti

156 1921 305 1983 Ulla
350 1938 553 1992 soror;
608 1931 667 1982 te
714 1930 921 1983 cuncta
958 1931 1200 2000 rogant,
1255 1920 1351 1980 hic
1393 1920 1719 1999 plangimus
1758 1935 1978 1979 omnes.
2066 1929 2173 1983 35⁰

159 2005 278 2067 Ast
322 2004 404 2066 ibi
444 2007 543 2065 vix
578 2025 724 2066 unus
753 2036 756 2041 ·
769 2024 992 2086 pugnas
1038 2005 1334 2067 dissuadet
1369 2004 1652 2065 Adrastus

156 2090 286 2151 Aut
329 2089 585 2151 fortasse
627 2091 815 2160 iuben
863 2101 923 2152 tu
968 2091 1159 2151 limina
1200 2091 1355 2151 avita
1399 2089 1664 2168 deosque

156 2175 405 2255 Linquis
449 2185 507 2236 et
552 2194 586 2236 a
626 2177 840 2236 nostris
882 2178 942 2235 in
979 2176 1217 2236 fratrem
1254 2173 1618 2254 amplexibus
1657 2170 1860 2234 exis?’

294 2259 375 2319 At
416 2270 583 2338 parte
626 2279 704 2321 ex
745 2261 860 2321 alia
901 2262 1113 2321 tacitos
1155 2261 1425 2320 obstante
1464 2258 1708 2319 tumultu

154 2345 478 2422 Antigone.
505 2344 693 2407 furata
733 2346 948 2422 gradus
968 2390 986 2419 ,
1032 2364 1145 2405 nec
1181 2354 1342 2405 casta
1376 2344 1634 2404 retardat
2068 2351 2174 2405 355

154 2429 522 2507 Virginitas,
573 2430 734 2490 volat
772 2428 987 2508 Ogygii
1032 2429 1267 2507 fastigia
1307 2430 1452 2489 muri

153 2514 546 2591 Exsuperare
590 2515 820 2584 furens;
866 2516 1064 2575 senior
1106 2532 1306 2574 comes
1342 2513 1547 2574 haeret
1587 2514 1745 2572 eunti

152 2601 388 2675 Actor,
436 2608 495 2659 et
531 2598 919 2659 hic·summas
961 2617 1076 2659 non
1118 2599 1420 2660 duraturus
1458 2598 1532 2658 ad
1569 2612 1761 2657 arces,

152 2684 364 2763 thue
408 2684 615 2762 procul
656 2684 798 2743 visis
841 2684 1090 2764 paulum.
1115 2682 1392 2744 dubitavit
1433 2683 1490 2742 in
1529 2683 1700 2743 armis

151 2768 581 2847 Agnovitque,
623 2768 821 2828 nefas!
867 2769 1072 2831 iaculis
1111 2777 1172 2828 et
1207 2786 1360 2829 voce
1400 2766 1654 2846 superba
2069 2775 2174 2829 360

153 2853 354 2915 Tecta
398 2853 820 2931 incessentem,
861 2871 1072 2931 mag-no
1117 2853 1277 2931 prius
1314 2853 1504 2913 omnia
1544 2852 1782 2931 planctu

151 2937 364 3018 Inplet
407 2945 465 2997 et
510 2955 543 2997 e
585 2938 762 2997 muris
806 2956 916 2999 ceu
961 2939 1320 2999 descensura
1362 2936 1654 3016 profatur:

295 3026 315 3056 ‘
335 3018 668 3101 Comprime
697 3021 816 3082 tela
843 3041 1010 3083 manu
1039 3021 1390 3100 paulumque
1418 3021 1569 3083 hanc
1595 3021 1831 3099 respice
1861 3019 2082 3093 turrim,

149 3107 406 3183 Frater,
454 3115 517 3166 et
556 3107 865 3167 horrentes
907 3106 1068 3167 refer
1112 3107 1169 3165 in
1209 3123 1341 3166 mea
1382 3106 1592 3167 lumina
1637 3106 1861 3166 cristas.

148 3191 544 3271 Agnoscisne
583 3190 828 3252 hostes?
870 3192 959 3253 sic
1000 3208 1185 3252 annua
1219 3200 1393 3269 pacta
1431 3191 1720 3270 fidemque
2062 3196 2166 3253 365

150 3272 517 3339 Poscimus?
561 3277 620 3337 hi
664 3286 937 3355 questus,
983 3277 1134 3337 haec
1176 3284 1269 3335 est
1309 3274 1463 3337 bona
1509 3292 1686 3337 causa
1727 3272 1977 3334 modesti

149 3356 421 3425 Exulis?
463 3359 781 3440 Argolicos
822 3380 932 3440 per
970 3369 1066 3436 te,
1107 3378 1418 3438 germane,
1464 3368 1731 3440 penates,

149 3446 310 3509 Nam
356 3443 547 3521 Tyriis
582 3447 697 3509 iam
736 3446 927 3509 nullus
967 3446 1185 3525 honos,
1234 3463 1344 3526 per
1385 3446 1435 3505 si
1475 3444 1613 3525 quid
1651 3442 1710 3504 in
1750 3443 1855 3505 illa

243 3549 525 3595 svn-ms
570 3551 641 3595 11.
1765 3526 1842 3587 16
