2517 3909
941 197 1319 257 SILUABUM
1355 201 1420 256 L.
1459 200 1528 271 V,
1565 206 1619 257 ὅ.
2214 202 2341 269 155

188 341 341 411 Hoc
386 364 643 430 quoque
688 343 844 410 dum
886 344 1072 425 nitor,
1117 346 1221 410 ter
1264 345 1432 411 dena
1475 346 1618 413 luce
1662 352 1928 433 peracta

191 431 491 500 Acclinis
534 432 808 500 tumulis
839 434 1150 517 planctus
1194 435 1268 499 in
1302 436 1596 501 carmina
1630 441 1817 503 uerto
2270 454 2338 505 25

191 521 672 609 Discordesque
719 525 930 590 modos
972 530 1033 605 et
1075 524 1510 610 singultantia
1554 526 1771 593 uerba.

189 609 435 677 Melior
480 633 631 679 orsa
673 613 824 699 lyra
867 613 1150 699 fimesta,
1195 617 1390 699 atque
1435 614 1535 681 ira
1579 614 1837 681 tacendi

189 700 572 787 Impatiens.
663 702 776 767 sed
821 723 940 770 nec
986 703 1218 769 solitae
1260 703 1424 769 mihi
1468 704 1710 773 uertice
1755 705 1979 773 laurus

190 788 258 856 N
259 812 334 856 ec
377 791 590 858 fronti
615 792 910 858 -uittatur
943 792 1181 859 honos.
1272 814 1355 858 en
1398 796 1592 859 taxea
1636 798 1884 861 marcet

191 876 379 946 Silua
427 880 648 965 comis,
693 880 1060 967 hilaresque
1104 880 1376 947 hederas
1410 884 1681 968 plorata
1726 906 2065 970 cupressus
2264 902 2336 952 30

188 967 501 1034 Excludit
543 969 772 1054 ramis3
816 992 940 1036 nec
984 971 1230 1036 eburno
1269 972 1501 1056 pollice
1532 972 1818 1039 chordas

186 1056 415 1142 Pulso,
461 1058 574 1124 sed
617 1059 993 1126 inmeritam
1038 1059 1260 1146 digitis
1307 1062 1675 1127 errantibus
1724 1081 1950 1129 amens

188 1145 431 1214 Scindo
478 1147 730 1233 chelyn.
818 1149 1003 1215 iuuat
1047 1150 1175 1215 heu
1182 1200 1202 1235 ‚
1247 1150 1434 1216 iuuat
1476 1150 1870 1217 inlaudabile
1917 1174 2179 1219 carmen

188 1236 495 1302 Fundere
541 1241 610 1302 et
651 1238 981 1324 incompte
1025 1233 1335 1306 miserum
1380 1240 1625 1307 nudare
1671 1241 1977 1308 dolorem.

185 1324 301 1392 Sic
346 1326 565 1391 meriti
610 1326 702 1393 sic
749 1349 852 1393 me
899 1332 1218 1414 cantuque
1261 1329 1618 1416 habituque
1663 1330 1996 1397 nefastum
2265 1346 2334 1398 35

186 1415 540 1501 Aspiciant
584 1416 822 1502 superi.
910 1418 1154 1502 pudeat
1198 1418 1584 1505 Thebasque
1628 1441 2000 1506 nouumque

184 1505 551 1572 Aeaciden}
594 1506 690 1571 m’l
734 1505 866 1571 iam
910 1508 1238 1591 placidum
1283 1509 1579 1574 manabit
1622 1510 1706 1575 ab
1752 1532 1880 1575 ore.

186 1595 317 1660 Ille
362 1615 487 1681 ego
534 1595 646 1681 qui
689 1596 1016 1681 (quotiens
1031 1594 1086 1683 1)
1131 1597 1367 1663 blande
1413 1603 1819 1684 matrumque
1865 1603 2253 1687 patrumque

185 1683 503 1770 Uulnera,
549 1683 660 1770 qui
701 1683 936 1751 uiduos
979 1686 1166 1771 potui
1211 1688 1490 1753 mulcere
1536 1688 1817 1774 dolores3

186 1773 312 1839 me
358 1794 482 1860 ego
527 1774 868 1859 lugentum
909 1776 1089 1841 mitis
1138 1775 1402 1862 solator,
1450 1777 1698 1843 acerbis
2264 1796 2334 1846 40

185 1862 476 1928 Auditus
520 1863 789 1929 tumulis
835 1867 903 1929 et
948 1863 1483 1932 descendentibus
1529 1866 1799 1953 umbris,

191 1951 444 2019 Deficio
490 1952 900 2040 medieasque
945 1976 1175 2020 manus
1219 1955 1637 2042 fomentaque
1685 1979 1923 2042 quaero

185 2040 611 2128 Uulneribus,
658 2042 771 2108 sed
815 2065 1087 2130 summa,
1134 2045 1313 2111 meis.
1403 2067 1578 2111 nunc
1622 2048 1898 2132 tempus,
1944 2047 2156 2133 amici,

187 2130 486 2208 Quorum
531 2151 653 2218 ego
701 2137 1043 2199 manantes
1091 2136 1316 2201 oculos
1365 2138 1431 2200 et
1484 2136 1704 2201 saucia
1746 2136 1907 2201 tersi

333 2469 411 2524 ad
454 2486 552 2524 uu.
599 2475 811 2526 24—27
855 2474 904 2524 A
950 2471 1209 2526 adnotat:
1253 2472 1440 2526 textus
1485 2472 1845 2542 ht(=habet)
1891 2472 2186 2529 intercisos
2228 2473 2333 2528 hos

181 2557 386 2596 uersus
412 2541 434 2611 ΙΙ
460 2546 532 2596 24
577 2540 713 2596 dum
755 2540 907 2597 nitor
949 2541 1296 2597 Gronouius:
1345 2559 1474 2597 cum
1507 2542 1569 2599 in
1607 2585 1654 2598 ..
1677 2585 1690 2599 .
1729 2548 1765 2595 0
1802 2562 1838 2598 a
1861 2545 1882 2615 u
1908 2548 1977 2599 25
2015 2542 2261 2601 Accliuis
2297 2549 2334 2596 0

180 2631 220 2666 a
253 2616 263 2678 Ι
295 2610 531 2667 tumulis
573 2612 835 2683 planctus
878 2614 1079 2681 scripsi
1122 2614 1157 2667 l.
1205 2614 1240 2667 l.
1279 2629 1342 2681 p.
1393 2618 1537 2669 251.-
1585 2615 1772 2670 tumul
1811 2659 1823 2671 .
1847 2651 1894 2671 ..
1931 2617 2095 2671 uetus
2129 2614 2209 2669 A*
2244 2617 2333 2670 tu-

183 2682 312 2738 mul
340 2725 353 2739 .
386 2724 399 2738 .
432 2725 445 2738 .
490 2686 654 2738 uetus
697 2685 788 2738 uel
829 2685 993 2740 nctus
1039 2689 1075 2736 0
1120 2684 1344 2740 tumulo
1386 2684 1574 2740 luctus
1619 2705 1678 2753 ις
1726 2692 1958 2742 cetemm
1992 2705 2031 2742 a
2064 2687 2336 2743 sententia

184 2754 553 2824 transpositio
587 2755 720 2810 haec
753 2754 815 2809 in
848 2755 1107 2825 planctus
1133 2755 1384 2811 carmina
1410 2757 1704 2825 flayitatur
1727 2759 1749 2828 ΙΙ
1775 2763 1844 2814 26
1872 2757 2070 2814 modos
2103 2760 2164 2814 et
2190 2758 2334 2829 sing.

184 2827 339 2882 edd„-
373 2825 437 2880 in
474 2869 667 2883 ......
705 2825 847 2897 sing.
879 2832 916 2879 0
952 2846 988 2881 ι.
1011 2829 1127 2928 'tm
1165 2843 1296 2882 orsa
1330 2827 1455 2897 lyra
1489 2827 1714 2884 funesta
1750 2830 1922 2899 atque
1956 2830 2157 2899 scripsi
2193 2829 2229 2885 l.
2267 2831 2336 2884 l..-

184 2913 318 2953 orsa
353 2896 415 2967 ly
567 2902 605 2953 ὖ
643 2899 731 2952 est
766 2900 935 2967 atque
970 2903 1019 2953 A
1079 2900 1164 2954 ita
1197 2902 1266 2952 ut
1298 2898 1485 2954 littera
1520 2901 1691 2956 tonica
1726 2906 1854 2956 ante
1882 2905 1923 2955 ὖ.
1951 2916 2103 2956 nunc
2129 2900 2332 2969 dispici

182 2973 632 3111 ’ὶῖᾞᾝξῗῧ
650 2969 715 3094 ¹{
749 3012 799 3111 ῃ·
822 2971 1286 3096 effluffi‘gssssassd'
1305 2970 1849 3110 amttam
1876 2977 1943 3094 δὲ
1981 2971 2337 3098 ἲθῖῃὲξωωο

183 3112 465 3168 Bartln‘us
498 3111 777 3169 incertum
816 3113 1027 3167 Markl.
1073 3114 1094 3182 ss
1138 3117 1209 3167 34
1244 3112 1456 3169 nudare
1497 3115 1737 3170 Markl.:
1781 3113 2013 3172 laudare
2050 3118 2087 3165 0
2123 3131 2159 3167 a
2200 3114 2222 3185 ΙΙ
2266 3119 2335 3170 35

185 3182 382 3239 meriti
412 3184 642 3253 scripsi:
687 3183 868 3238 merui
913 3188 949 3235 0
987 3202 1023 3237 ι.
1055 3186 1076 3254 ΙΙ
1112 3189 1179 3239 37
1216 3184 1494 3256 placitum
1532 3186 1744 3242 Markl.
1777 3187 1788 3255 Ι
1818 3183 2076 3241 manabit
2107 3188 2180 3238 Ax
2217 3201 2336 3240 ma-

184 3255 369 3310 nabat
404 3259 440 3306 0
496 3256 506 3325 fl
550 3260 619 3311 38
664 3254 926 3324 quotiens
969 3253 1048 3310 A*
1085 3260 1139 3311 σε
1192 3255 1402 3312 totiens
1438 3275 1474 3310 a
1521 3258 1530 3325 1
1579 3257 1785 3328 blande
1822 3270 1945 3326 eqo.-
1979 3255 2191 3338 blando
2229 3259 2272 3338 c·
2302 3273 2338 3308 a

186 3325 433 3381 blandus
631 3369 643 3381 .
679 3328 701 3398 fl
736 3332 824 3384 39·
852 3326 1051 3383 uiduos
1079 3326 1380 3383 Heinsius.-
1417 3327 1580 3383 uiuos
1619 3333 1655 3380 0
1688 3346 1724 3382 a
1747 3330 1769 3399 ΙΙ
1794 3331 1864 3382 42
1894 3326 2134 3382 Deficior
2160 3326 2336 3380 Heme

184 3399 308 3453 sius
332 3400 355 3469 ss
382 3403 452 3454 43
487 3397 589 3453 sed
625 3415 846 3454 summa
881 3403 917 3450 0
954 3417 1014 3452 az
1052 3414 1197 3469 quae
1234 3415 1455 3454 summa
1484 3402 1545 3465 33
1586 3404 1725 3455 recte
1754 3397 2101 3455 Marklando
2135 3396 2336 3466 epithe-

187 3474 291 3526 ton
324 3470 481 3526 uocis
515 3469 767 3526 fomenta
803 3471 971 3525 latere
1005 3470 1232 3526 uidetur
