2517 3909
833 149 1236 202 wasemes
1279 154 1420 202 mn.
1465 153 1533 203 v.
2100 143 2212 205 1⁰1

208 304 705 385 Hassyloirangi
742 315 1023 386 stupuere
1062 306 1171 367 sub
1208 308 1382 370 hoste
1427 312 1743 387 iuvencae,

207 390 264 454 It
304 401 569 454 truncum
606 393 733 452 sine
771 391 997 452 honore
1034 409 1252 471 pecus,
1298 411 1619 475 regemque
1663 403 2031 475 peremptum

204 476 347 557 lpse
396 495 574 556 ager,
620 477 732 556 ipsi
767 493 966 537 amnes
1004 485 1064 537 et
1105 487 1261 538 muta
1305 489 1564 540 armenta
1609 487 1944 560 queruntur.
2216 553 2220 557 ⁵

342 560 540 623 ‘Ecce
586 569 779 622 autem
817 570 1015 623 aerata
1060 560 1383 641 dispellens
1422 583 1683 645 aequora
1722 581 1901 644 prora
2111 570 2217 631 335

206 646 405 708 Pelias
444 646 643 707 intacti
682 645 801 706 late
842 645 995 707 subit
1031 646 1264 725 hospita
1302 651 1464 728 ponti

209 731 415 801 Pinus;
464 738 642 809 agunt
682 728 945 808 Minyae,
990 732 1251 809 geminus
1294 733 1497 812 fragor
1539 732 1716 794 ardua
1761 742 1933 795 canet

209 816 328 877 Per
370 816 587 891 latera,
634 814 936 894 abruptam
978 815 1186 877 credas
1231 817 1526 879 radicibus
1561 819 1647 879 ire
1819 866 1823 870 .

214 900 516 978 Ortygiam
559 909 655 961 aut
697 899 942 961 fractum
985 900 1202 980 pelago
1247 902 1568 964 decurrere
1604 909 1885 963 montem.

211 985 327 1046 Ast
364 983 462 1046 ubi
500 984 799 1064 suspensis
844 984 1125 1046 siluerunt
1165 1004 1424 1066 aequora
1464 988 1682 1063 tonsis,
2110 994 2221 1050 340

210 1068 409 1130 Mitior
451 1078 512 1130 et
549 1068 787 1133 senibus
830 1071 1038 1147 cygnis
1080 1079 1139 1131 et
1183 1074 1416 1151 pectine
1458 1070 1681 1133 Phoebi

209 1154 351 1215 Vox
392 1153 582 1216 media
616 1152 690 1214 de
734 1171 933 1233 puppe
974 1156 1163 1231 venit,
1206 1158 1386 1218 maria
1428 1158 1557 1236 ipsa
1606 1156 1855 1216 carinae.

211 1238 555 1316 Accedunt,
599 1247 735 1317 post
776 1256 956 1300 nosse
1001 1238 1192 1301 datum
1234 1250 1363 1319 est,
1414 1239 1703 1319 Oeagrius
1740 1240 1866 1301 illic

213 1323 479 1385 Acclinis
519 1323 706 1399 malo,
749 1322 954 1383 inediis
996 1323 1317 1386 intersonat
1361 1324 1632 1405 Orpheus

214 1407 498 1486 Remigiis
537 1416 851 1487 tantosque
892 1407 1055 1470 iubet
1093 1412 1330 1471 nescire
1370 1409 1628 1473 labores.
2112 1417 2218 1473 345

212 1492 342 1554 Illis
385 1493 443 1552 in
484 1491 819 1568 Scythicum
855 1492 1085 1554 Borean
1126 1495 1240 1554 iter
1281 1512 1500 1575 oraque
1537 1497 1779 1575 primum

216 1576 471 1654 Cyaneis
516 1586 736 1638 arctata
778 1577 972 1638 vadis:
1024 1596 1136 1638 nos
1178 1578 1425 1641 Thracia
1466 1581 1594 1639 visu

212 1662 383 1724 Bella
424 1670 589 1723 ratae
630 1662 793 1723 vario
834 1670 991 1723 tecta
1033 1665 1332 1723 incursare
1374 1664 1653 1740 tumultu,

212 1746 543 1808 Densarum
581 1745 868 1825 pecudum
910 1756 1007 1807 aut
1045 1747 1366 1825 fugientum
1407 1765 1571 1808 more
1612 1747 1932 1809 volucrum.

213 1830 346 1891 Heu
388 1829 489 1891 nbi
525 1849 677 1891 nunc
715 1828 941 1891 furiae?
987 1841 1190 1911 portus
1225 1833 1613 1913 amplexaque
1648 1832 1783 1894 litus
2066 1860 2070 1864 ·
2114 1841 2225 1896 350

215 1914 484 1992 Moenia,
529 1933 642 1993 qua
686 1915 863 1993 longe
908 1917 1124 1995 pelago
1168 1916 1488 1997 despectus
1526 1925 1775 1997 aperto,

218 1999 561 2062 Scandimus
607 2008 667 2059 et
706 2000 898 2061 celsas
943 2010 1166 2072 turres;
1213 2002 1330 2063 huc
1372 2020 1517 2063 saxa
1559 2000 1854 2081 sudesque

215 2086 513 2164 Armaque
557 2093 784 2147 moesta
825 2086 1007 2148 virum
1046 2095 1221 2166 atque
1257 2088 1512 2148 infectos
1553 2085 1831 2148 caedibus
1872 2102 2049 2146 enses

218 2169 581 2231 subvectant
622 2169 913 2250 trepidae;
961 2172 1097 2252 quin
1140 2180 1199 2233 et
1239 2172 1565 2252 squalentia
1604 2180 1764 2233 texta

218 2254 548 2315 Thoracum
593 2263 652 2315 et
692 2254 851 2316 vultu
893 2256 1096 2333 galeas
1142 2257 1358 2319 intrare
1404 2257 1600 2318 soluto
2112 2261 2219 2318 355

215 2338 351 2400 Non
392 2339 600 2419 pudet;
641 2339 893 2401 audaces
934 2340 1126 2402 rubuit
1164 2344 1368 2404 mirata
1405 2350 1672 2403 catervas

217 2423 444 2501 Pallas,
489 2432 547 2484 et
584 2423 837 2485 adverso
879 2426 1006 2485 risit
1047 2424 1331 2487 Gradivus
1375 2427 1432 2487 in
1474 2425 1718 2487 Haemo.

220 2508 384 2568 Tunc
425 2510 670 2589 primum
714 2527 791 2570 ex
832 2510 1032 2570 animis
1072 2528 1369 2589 praeceps
1413 2512 1663 2572 amentia
1709 2509 1922 2585 cessit,

217 2592 349 2654 Nec
386 2594 528 2654 ratis
570 2593 673 2655 illa
717 2593 884 2671 salo,
937 2594 1046 2655 sed
1082 2593 1275 2656 divum
1318 2612 1454 2655 sera
1496 2612 1606 2674 per
1645 2610 1869 2673 aequor
2182 2633 2191 2642 r

217 2676 444 2739 Iustitia
482 2687 540 2739 et
586 2694 815 2757 poenae
856 2678 1150 2741 scelerum
1191 2679 1505 2743 adventare
1541 2679 1828 2744 videntur.
2115 2686 2222 2743 360

350 2761 623 2843 eIamque
659 2762 899 2824 aderant
938 2771 1165 2840 terrae,
1204 2772 1474 2844 quantum
1515 2763 1792 2841 Gortynia
1832 2771 2070 2825 currunt

218 2846 494 2928 Spicula,
541 2847 817 2909 caeruleo
862 2848 1161 2926 gravidam
1204 2866 1379 2929 quum
1420 2849 1683 2929 Iuppiter
1723 2847 1893 2909 imbri

219 2932 358 3011 Ipsa
402 2949 580 3012 super
622 2931 834 2994 nubem
875 2933 1016 2992 ratis
1057 2942 1407 2995 armamenta
1449 2934 1738 3012 Pelasgae

221 3017 390 3077 Sistit
432 3033 645 3094 agens3
691 3017 825 3079 inde
865 3016 1076 3078 horror
1120 3020 1333 3098 aquis,
1367 3028 1426 3079 et
1468 3028 1665 3097 raptus
1711 3018 1784 3080 ab
1830 3018 1982 3079 omni

220 3101 367 3162 Sole
408 3100 571 3179 dies,
614 3103 825 3163 miscet
867 3101 1176 3178 tenebras,
1224 3103 1353 3182 quis
1395 3105 1657 3182 protinus
1699 3102 1852 3168 unda
2117 3108 2222 3164 365

221 3182 560 3263 Concolor,
607 3187 806 3247 obnixi
848 3187 1109 3249 lacerant
1156 3205 1301 3248 cava
1341 3186 1536 3248 nubila
1576 3188 1736 3248 venti

219 3268 628 3351 Diripiantque
665 3271 910 3349 fretum,
956 3273 1137 3350 nigris
1176 3271 1327 3333 redit
1365 3270 1596 3334 humida
1636 3271 1813 3332 tellus

218 3354 593 3433 VorticibuS,
629 3364 927 3437 totumque
972 3355 1141 3417 Notis
1185 3355 1548 3435 portantibus
1588 3371 1810 3434 aequor

218 3438 446 3501 Pendet
490 3449 549 3501 et
591 3450 841 3523 aequato
889 3442 1115 3504 iamiam
1165 3457 1355 3523 prope
1395 3441 1591 3504 sidera
1635 3438 1812 3500 dorso
