2517 3909
313 143 437 206 208
612 208 616 212 ,
984 158 1047 205 P.
1094 157 1359 206 Parnm
1403 156 1634 206 STA‘rn

310 313 545 376 Arcada
586 312 892 391 belligeris
940 313 1118 392 pudet
1160 329 1536 374 annumerare
1580 316 1860 393 tropaeis.

312 400 377 461 In
416 397 676 458 manibus
719 416 983 474 merces,
1036 416 1313 477 nusquam
1357 400 1545 476 capita
1588 399 1764 459 ardua
1806 397 1953 458 belli

312 485 782 561 Monstrataeque
826 483 1033 542 ducum
1074 492 1319 561 septena
1363 501 1472 561 per
1514 484 1740 560 agmina
1782 484 2017 542 cristae.
2268 494 2345 547 30

315 569 559 629 Scilicet
598 567 834 628 Adrasti
877 571 1098 628 senium
1139 569 1433 647 fraterque
1476 569 1710 628 iuventa

315 654 487 715 Peior
532 662 591 712 et
631 653 847 713 insanis
893 649 1196 731 Capaneus
1239 651 1578 711 metuendus
1621 654 1678 711 in
1722 648 1931 713 armis?

315 738 402 799 Ite
448 754 590 814 age,
637 745 697 796 et
739 736 1004 797 obsessis
1046 737 1286 814 vigilem
1331 736 1681 796 circumdate
1722 737 2022 797 flammam.

313 822 473 882 Nulli
516 838 591 880 ex
632 821 800 881 hoste
841 830 1060 896 metus,
1108 821 1384 899 praedam
1430 823 1745 881 asservatis
1789 838 2059 899 opesque

314 907 432 968 Iam
475 909 748 965 vestras?
839 907 937 965 Sic
978 905 1078 964 ille
1121 914 1318 966 truces
1362 903 1684 965 hortatibus
1726 906 1911 984 inplet
2265 917 2338 968 35

312 990 702 1066 LabdacidaS‚
749 991 906 1050 iuvat
953 990 1268 1050 exhaustos
1313 990 1527 1050 iterare
1572 989 1826 1050 labores.

315 1078 479 1136 Sicut
521 1083 645 1135 erat
688 1074 877 1154 pulvis
920 1074 1213 1153 sudorque
1260 1091 1549 1152 cruorque
1596 1093 1703 1153 per
1744 1083 1902 1134 artus

313 1158 524 1219 Mixtus
566 1158 782 1236 adhuc,
827 1168 1061 1219 vertere
1103 1159 1375 1237 gradum3
1423 1161 1522 1219 vix
1564 1159 1734 1219 obvia
1779 1160 1936 1238 passi

317 1244 659 1322 Colloquia‚
710 1243 1013 1322 amplexus
1059 1246 1229 1304 etiam
1272 1243 1625 1322 dextrasque
1669 1260 1902 1303 suorum

313 1329 649 1389 Excussere
690 1328 971 1396 humeris:
1029 1338 1165 1388 tunc
1202 1329 1452 1393 [rentem
1497 1344 1819 1406 aversaque
1861 1337 2035 1405 terga
2258 1340 2337 1392 40

313 1415 510 1475 Partiti
552 1413 912 1491 laterumque
956 1414 1144 1487 sinus,
1190 1413 1402 1473 vallum
1445 1413 1699 1492 undique
1746 1415 1979 1489 cingunt

312 1497 547 1575 Ignibus
591 1497 833 1556 infestis.
915 1496 1122 1557 Rabidi
1170 1499 1256 1556 sic
1302 1499 1531 1573 agmine
1571 1500 1751 1558 mixto

315 1581 434 1643 Sub
480 1590 709 1640 noctem
755 1583 953 1640 coiere
999 1581 1154 1661 lupi,
1202 1598 1352 1659 quos
1394 1582 1654 1641 omnibus
1699 1584 1852 1660 agris

312 1666 410 1727 Nil
449 1683 564 1724 non
608 1683 746 1725 ausa
786 1666 971 1726 fames
1015 1665 1196 1742 longo
1242 1668 1498 1726 tenuavit
1540 1666 1715 1727 hiatu.

312 1751 430 1812 Iam
473 1749 696 1811 stabula
739 1751 868 1829 ipsa
912 1760 1208 1828 premunt,
1261 1759 1494 1828 torquet
1536 1770 1676 1830 spes
1717 1752 1884 1811 inrita
1926 1749 2157 1828 lancee,
2255 1763 2325 1814 45

310 1835 660 1914 Balatusque
707 1845 959 1895 tremens
1002 1837 1362 1914 pinguesque
1406 1835 1480 1894 ab
1523 1835 1769 1896 ovilibus
1809 1853 2006 1894 aurae.

315 1920 486 1995 Quod
529 1929 829 1999 superest,
877 1919 1034 1979 duris
1074 1920 1396 1996 affrangnnt
1438 1920 1701 1998 postibus
1743 1936 1970 1997 ungues

313 2005 676 2083 Pectoraque
722 2013 779 2064 et
821 2007 1013 2064 siccos
1056 2006 1308 2063 minuunt
1349 2006 1407 2063 in
1450 2004 1644 2064 limine
1687 2005 1909 2065 dentes,

439 2090 518 2149 At
558 2089 767 2168 procul
812 2088 1078 2166 Argolici
1125 2090 1377 2167 supplex
1416 2091 1476 2148 in
1517 2092 1775 2167 margine
1816 2089 2019 2168 templi

318 2173 538 2239 Coetus
580 2184 640 2233 et
686 2173 756 2233 ad
802 2176 1020 2252 patrias
1062 2174 1228 2233 fusae
1272 2173 1622 2253 Pelopeides
1667 2190 1796 2233 aras
2254 2187 2327 2238 50

314 2259 711 2336 Sceptriferae
752 2257 985 2318 Iunonis
1031 2274 1203 2335 opem
1244 2259 1607 2336 reditumque
1651 2274 1883 2319 suorum

311 2343 684 2422 Exposcunt‚
731 2344 1037 2422 pictasque
1080 2342 1241 2402 fores
1285 2351 1343 2402 et
1384 2342 1593 2420 frigida
1635 2343 1793 2403 vultu

313 2429 467 2488 Saxa
507 2436 696 2487 terunt
735 2444 1072 2505 parvosque
1114 2427 1329 2486 docent
1373 2427 1760 2506 procumbere
1805 2436 1994 2487 natos.

317 2510 705 2571 condiderant
741 2514 851 2572 iam
891 2520 1028 2571 vota
1068 2511 1252 2587 diem,
1299 2528 1417 2571 nox
1457 2512 1647 2573 addita
1688 2526 1858 2572 curas

312 2595 535 2673 Iungit‚
583 2605 641 2655 et
685 2597 950 2674 aggestis
986 2595 1232 2672 vigilant
1275 2596 1475 2656 altaria·
1519 2596 1778 2656 flammis.
2253 2609 2320 2660 55

313 2680 553 2758 Peplum
597 2684 767 2740 etiam
812 2681 1002 2757 donc,
1046 2682 1208 2739 cuius
1247 2680 1509 2740 mirabile
1549 2690 1769 2743 textum

313 2764 483 2825 Nulla
529 2782 725 2825 manus
770 2766 985 2825 sterilis
1027 2783 1139 2824 nec
1180 2765 1492 2825 dissociata
1529 2768 1733 2825 marito

311 2849 625 2926 Versarat‚
676 2850 917 2910 calathis
961 2859 1159 2908 castae
1196 2849 1481 2909 velamina
1524 2850 1706 2909 divae.

314 2933 477 2993 Haud
521 2936 850 3013 spernenda
899 2933 1122 3009 ferunt,
1166 2935 1343 2993 variis
1387 2933 1483 2992 ubi
1528 2934 1768 3013 plurima
1811 2936 1984 2995 floret

313 3019 568 3097 Purpura
611 3021 763 3099 picta
811 3018 997 3077 modis
1039 3019 1335 3095 mixtoque
1380 3018 1703 3078 incenditur
1747 3036 1905 3079 auro.
2255 3031 2327 3086 60

311 3102 445 3181 Ipsa
485 3102 605 3163 illic
646 3103 838 3179 magni
879 3101 1130 3161 thalamo
1176 3102 1471 3180 desponsa
1514 3102 1790 3163 Tonantis

309 3187 541 3265 Expers
588 3186 817 3247 conubii
862 3195 923 3246 et
966 3185 1162 3245 timide
1206 3189 1465 3264 positura
1509 3203 1773 3247 sororem

308 3270 542 3330 Lumine
587 3272 841 3331 demisso
886 3271 1053 3349 pueri
1096 3268 1250 3329 Iovis
1295 3270 1497 3331 oscula
1539 3271 1682 3332 libat

314 3353 575 3432 Simplex
622 3365 680 3414 et
724 3355 971 3413 nondum
1011 3353 1177 3412 furtis
1223 3355 1449 3415 offensa
1490 3359 1695 3416 mariti.

307 3436 435 3495 Hoc
477 3446 611 3496 tunc
655 3439 972 3515 Argolicae
1018 3447 1276 3497 sanctum
1306 3440 1604 3501 velamine
1653 3451 1867 3501 matres
2255 3452 2323 3504 65
