<?xml version="1.0" encoding="UTF-8"?>
<!DOCTYPE html PUBLIC "-//W3C//DTD XHTML 1.0 Transitional//EN"
    "http://www.w3.org/TR/xhtml1/DTD/xhtml1-transitional.dtd">
<html xmlns="http://www.w3.org/1999/xhtml" xml:lang="en" lang="en">
 <head>
  <title>
</title>
<meta http-equiv="Content-Type" content="text/html;charset=utf-8" />
  <meta name='ocr-system' content='tesseract 3.04.00' />
  <meta name='ocr-capabilities' content='ocr_page ocr_carea ocr_par ocr_line ocrx_word'/>
</head>
<body>
  <div class='ocr_page' id='page_1' title='image "./ppapiniusstatiu00placgoog_0521.png"; bbox 0 0 2517 3909; ppageno 0'>
   <div class='ocr_carea' id='block_1_1' title="bbox 823 161 1610 215">
    <p class='ocr_par' dir='ltr' id='par_1_1' title="bbox 823 161 1610 215">
     <span class='ocr_line' id='line_1_1' title="bbox 823 161 1610 215; baseline 0.004 -8"><span class='ocrx_word' id='word_1_1' title='bbox 823 161 1222 211; x_wconf 73' lang='lat' dir='ltr'><strong>THEBAIDOS</strong></span> <span class='ocrx_word' id='word_1_2' title='bbox 1272 163 1411 213; x_wconf 88' lang='lat' dir='ltr'><strong>LIB.</strong></span> <span class='ocrx_word' id='word_1_3' title='bbox 1452 164 1536 215; x_wconf 68' lang='lat' dir='ltr'><strong>,X.</strong></span> <span class='ocrx_word' id='word_1_4' title='bbox 1607 193 1610 197; x_wconf 85' lang='lat'><strong>·</strong></span> 
     </span>
    </p>
   </div>
   <div class='ocr_carea' id='block_1_2' title="bbox 175 313 2004 399">
    <p class='ocr_par' dir='ltr' id='par_1_2' title="bbox 175 313 2004 399">
     <span class='ocr_line' id='line_1_2' title="bbox 175 313 2004 399; baseline 0.003 -21"><span class='ocrx_word' id='word_1_5' title='bbox 175 317 404 378; x_wconf 85' lang='lat' dir='ltr'><strong>Horror</strong></span> <span class='ocrx_word' id='word_1_6' title='bbox 450 316 651 394; x_wconf 83' lang='lat' dir='ltr'><strong>equis,</strong></span> <span class='ocrx_word' id='word_1_7' title='bbox 690 313 934 377; x_wconf 76' lang='lat' dir='ltr'><strong>haerent</strong></span> <span class='ocrx_word' id='word_1_8' title='bbox 975 317 1188 396; x_wconf 78' lang='lat' dir='ltr'><strong>trepidi</strong></span> <span class='ocrx_word' id='word_1_9' title='bbox 1230 324 1419 398; x_wconf 73' lang='lat' dir='ltr'><strong>atque-</strong></span> <span class='ocrx_word' id='word_1_10' title='bbox 1451 318 1677 381; x_wconf 83' lang='lat' dir='ltr'><strong>inmane</strong></span> <span class='ocrx_word' id='word_1_11' title='bbox 1722 331 2004 399; x_wconf 78' lang='lat' dir='ltr'><strong>paventes</strong></span> 
     </span>
    </p>
   </div>
   <div class='ocr_carea' id='block_1_3' title="bbox 178 400 1591 482">
    <p class='ocr_par' dir='ltr' id='par_1_3' title="bbox 178 400 1591 482">
     <span class='ocr_line' id='line_1_3' title="bbox 178 400 1591 482; baseline 0.001 -21"><span class='ocrx_word' id='word_1_12' title='bbox 178 403 508 481; x_wconf 84' lang='lat' dir='ltr'>Abruptum</span> <span class='ocrx_word' id='word_1_13' title='bbox 547 400 823 461; x_wconf 68' lang='lat' dir='ltr'><strong>mirantur</strong></span> <span class='ocrx_word' id='word_1_14' title='bbox 864 402 987 478; x_wconf 76' lang='lat' dir='ltr'><strong>agi:</strong></span> <span class='ocrx_word' id='word_1_15' title='bbox 1037 421 1188 463; x_wconf 84' lang='lat' dir='ltr'><strong>nunc</strong></span> <span class='ocrx_word' id='word_1_16' title='bbox 1225 405 1461 482; x_wconf 76' lang='lat' dir='ltr'><strong>inpetus</strong></span> <span class='ocrx_word' id='word_1_17' title='bbox 1506 404 1591 463; x_wconf 90' lang='lat' dir='ltr'><strong>ire</strong></span> 
     </span>
    </p>
   </div>
   <div class='ocr_carea' id='block_1_4' title="bbox 177 485 2052 566">
    <p class='ocr_par' dir='ltr' id='par_1_4' title="bbox 177 485 2052 566">
     <span class='ocr_line' id='line_1_4' title="bbox 177 485 2052 566; baseline 0.001 -20"><span class='ocrx_word' id='word_1_18' title='bbox 177 486 447 564; x_wconf 83' lang='lat' dir='ltr'>Margine</span> <span class='ocrx_word' id='word_1_19' title='bbox 488 485 560 546; x_wconf 90' lang='lat' dir='ltr'><strong>ab</strong></span> <span class='ocrx_word' id='word_1_20' title='bbox 604 495 864 547; x_wconf 78' lang='lat' dir='ltr'><strong>extremo</strong></span> <span class='ocrx_word' id='word_1_21' title='bbox 884 528 901 561; x_wconf 78' lang='lat'>‚</span> <span class='ocrx_word' id='word_1_22' title='bbox 945 497 1351 566; x_wconf 73' lang='lat' dir='ltr'><strong>nunc-sponte</strong></span> <span class='ocrx_word' id='word_1_23' title='bbox 1393 489 1449 546; x_wconf 90' lang='lat' dir='ltr'><strong>in</strong></span> <span class='ocrx_word' id='word_1_24' title='bbox 1488 488 1656 549; x_wconf 84' lang='lat' dir='ltr'><strong>frena</strong></span> <span class='ocrx_word' id='word_1_25' title='bbox 1692 490 1990 553; x_wconf 75' lang='lat' dir='ltr'><strong>recedunt.</strong></span> <span class='ocrx_word' id='word_1_26' title='bbox 2046 548 2052 560; x_wconf 59' lang='grc'><strong>,</strong></span> 
     </span>
    </p>
   </div>
   <div class='ocr_carea' id='block_1_5' title="bbox 178 569 1737 1072">
    <p class='ocr_par' dir='ltr' id='par_1_5' title="bbox 178 569 1737 1072">
     <span class='ocr_line' id='line_1_5' title="bbox 179 569 1737 650; baseline 0.003 -19"><span class='ocrx_word' id='word_1_27' title='bbox 179 572 256 631; x_wconf 86' lang='grc' dir='ltr'>Ηί</span> <span class='ocrx_word' id='word_1_28' title='bbox 293 571 554 650; x_wconf 84' lang='lat' dir='ltr'><strong>praefixa</strong></span> <span class='ocrx_word' id='word_1_29' title='bbox 593 569 732 629; x_wconf 83' lang='lat' dir='ltr'><strong>solo</strong></span> <span class='ocrx_word' id='word_1_30' title='bbox 772 570 991 631; x_wconf 86' lang='lat' dir='ltr'><strong>vellunt</strong></span> <span class='ocrx_word' id='word_1_31' title='bbox 1032 574 1368 635; x_wconf 75' lang='lat' dir='ltr'><strong>munimina:</strong></span> <span class='ocrx_word' id='word_1_32' title='bbox 1414 581 1472 635; x_wconf 87' lang='lat' dir='ltr'><strong>at</strong></span> <span class='ocrx_word' id='word_1_33' title='bbox 1513 572 1600 632; x_wconf 89' lang='lat' dir='ltr'><strong>illi</strong></span> <span class='ocrx_word' id='word_1_34' title='bbox 1730 628 1737 635; x_wconf 90' lang='lat'><em>.</em></span> 
     </span>
     <span class='ocr_line' id='line_1_6' title="bbox 179 654 1670 725; baseline -0.001 -9"><span class='ocrx_word' id='word_1_35' title='bbox 179 656 483 716; x_wconf 81' lang='lat' dir='ltr'><strong>Portarum</strong></span> <span class='ocrx_word' id='word_1_36' title='bbox 520 654 788 715; x_wconf 68' lang='lat' dir='ltr'><strong>obiectus</strong></span> <span class='ocrx_word' id='word_1_37' title='bbox 829 658 1086 719; x_wconf 80' lang='lat' dir='ltr'><strong>minuunt</strong></span> <span class='ocrx_word' id='word_1_38' title='bbox 1128 666 1190 717; x_wconf 76' lang='lat' dir='ltr'><strong>et</strong></span> <span class='ocrx_word' id='word_1_39' title='bbox 1231 656 1425 719; x_wconf 83' lang='lat' dir='ltr'><strong>farrea</strong></span> <span class='ocrx_word' id='word_1_40' title='bbox 1460 657 1670 725; x_wconf 71' lang='lat' dir='ltr'><strong>sudant</strong></span> 
     </span>
     <span class='ocr_line' id='line_1_7' title="bbox 179 737 1699 819; baseline 0 -18"><span class='ocrx_word' id='word_1_41' title='bbox 179 737 458 801; x_wconf 83' lang='lat' dir='ltr'><strong>Claustra</strong></span> <span class='ocrx_word' id='word_1_42' title='bbox 498 738 755 799; x_wconf 79' lang='lat' dir='ltr'><strong>remoliri</strong></span> <span class='ocrx_word' id='word_1_43' title='bbox 795 739 1172 819; x_wconf 82' lang='lat' dir='ltr'><strong>trabibusque</strong></span> <span class='ocrx_word' id='word_1_44' title='bbox 1216 751 1434 803; x_wconf 82' lang='lat' dir='ltr'><strong>arctata</strong></span> <span class='ocrx_word' id='word_1_45' title='bbox 1473 758 1699 803; x_wconf 39' lang='lat' dir='ltr'><strong>sonoro&gt;</strong></span> 
     </span>
     <span class='ocr_line' id='line_1_8' title="bbox 179 823 1625 902; baseline 0.001 -17"><span class='ocrx_word' id='word_1_46' title='bbox 179 824 413 885; x_wconf 88' lang='lat' dir='ltr'><strong>Pellunt</strong></span> <span class='ocrx_word' id='word_1_47' title='bbox 454 841 598 884; x_wconf 85' lang='lat' dir='ltr'><strong>saxa</strong></span> <span class='ocrx_word' id='word_1_48' title='bbox 635 823 809 899; x_wconf 78' lang='lat' dir='ltr'><strong>loco,</strong></span> <span class='ocrx_word' id='word_1_49' title='bbox 854 842 991 902; x_wconf 82' lang='lat' dir='ltr'><strong>pars</strong></span> <span class='ocrx_word' id='word_1_50' title='bbox 1034 825 1105 885; x_wconf 86' lang='lat' dir='ltr'><strong>ad</strong></span> <span class='ocrx_word' id='word_1_51' title='bbox 1139 824 1381 902; x_wconf 71' lang='lat' dir='ltr'><strong>‚fastigia</strong></span> <span class='ocrx_word' id='word_1_52' title='bbox 1416 827 1625 887; x_wconf 81' lang='lat' dir='ltr'><strong>missas</strong></span> 
     </span>
     <span class='ocr_line' id='line_1_9' title="bbox 178 907 1683 988; baseline -0.001 -18"><span class='ocrx_word' id='word_1_53' title='bbox 178 908 461 970; x_wconf 84' lang='lat' dir='ltr'><strong>Exultant</strong></span> <span class='ocrx_word' id='word_1_54' title='bbox 500 907 763 968; x_wconf 83' lang='lat' dir='ltr'><strong>haesisse</strong></span> <span class='ocrx_word' id='word_1_55' title='bbox 804 907 1001 984; x_wconf 59' lang='lat' dir='ltr'><strong>faces„</strong></span> <span class='ocrx_word' id='word_1_56' title='bbox 1037 926 1180 988; x_wconf 78' lang='lat' dir='ltr'><strong>pars</strong></span> <span class='ocrx_word' id='word_1_57' title='bbox 1211 911 1326 971; x_wconf 88' lang='lat' dir='ltr'><strong>ima</strong></span> <span class='ocrx_word' id='word_1_58' title='bbox 1369 911 1683 987; x_wconf 81' lang='lat' dir='ltr'><strong>lacessunt,</strong></span> 
     </span>
     <span class='ocr_line' id='line_1_10' title="bbox 180 995 1676 1072; baseline 0 -18"><span class='ocrx_word' id='word_1_59' title='bbox 180 995 644 1072; x_wconf 70' lang='lat' dir='ltr'><strong>scrutanturque</strong></span> <span class='ocrx_word' id='word_1_60' title='bbox 684 1010 864 1053; x_wconf 78' lang='lat' dir='ltr'><strong>cavas</strong></span> <span class='ocrx_word' id='word_1_61' title='bbox 881 1012 1078 1055; x_wconf 64' lang='lat' dir='ltr'><strong>rcaeca</strong></span> <span class='ocrx_word' id='word_1_62' title='bbox 1116 995 1407 1072; x_wconf 61' lang='lat' dir='ltr'><strong>testudine</strong></span> <span class='ocrx_word' id='word_1_63' title='bbox 1445 1004 1676 1057; x_wconf 75' lang='lat' dir='ltr'><strong>turres.¹</strong></span> 
     </span>
    </p>
   </div>
   <div class='ocr_carea' id='block_1_6' title="bbox 316 1077 1988 1158">
    <p class='ocr_par' dir='ltr' id='par_1_6' title="bbox 316 1077 1988 1158">
     <span class='ocr_line' id='line_1_11' title="bbox 316 1077 1988 1158; baseline 0.003 -20"><span class='ocrx_word' id='word_1_64' title='bbox 316 1079 393 1138; x_wconf 88' lang='lat' dir='ltr'><strong>At</strong></span> <span class='ocrx_word' id='word_1_65' title='bbox 434 1077 624 1153; x_wconf 72' lang='lat' dir='ltr'><strong>Tyrii,</strong></span> <span class='ocrx_word' id='word_1_66' title='bbox 671 1094 834 1154; x_wconf 79' lang='lat' dir='ltr'><strong>quae·</strong></span> <span class='ocrx_word' id='word_1_67' title='bbox 862 1078 991 1141; x_wconf 87' lang='lat' dir='ltr'><strong>sola</strong></span> <span class='ocrx_word' id='word_1_68' title='bbox 1035 1079 1240 1154; x_wconf 68' lang='lat' dir='ltr'><strong>salus‚&#39;</strong></span> <span class='ocrx_word' id='word_1_69' title='bbox 1268 1089 1445 1158; x_wconf 87' lang='lat' dir='ltr'><strong>caput</strong></span> <span class='ocrx_word' id='word_1_70' title='bbox 1491 1097 1662 1140; x_wconf 87' lang='lat' dir='ltr'><strong>omne</strong></span> <span class='ocrx_word' id='word_1_71' title='bbox 1708 1091 1988 1145; x_wconf 78' lang='lat' dir='ltr'><strong>coronant</strong></span> 
     </span>
    </p>
   </div>
   <div class='ocr_carea' id='block_1_7' title="bbox 180 1162 1889 3527">
    <p class='ocr_par' dir='ltr' id='par_1_7' title="bbox 180 1162 1889 2848">
     <span class='ocr_line' id='line_1_12' title="bbox 181 1162 1587 1241; baseline -0.001 -17"><span class='ocrx_word' id='word_1_72' title='bbox 181 1162 479 1225; x_wconf 72' lang='lat' dir='ltr'><strong>Hurorum</strong></span> <span class='ocrx_word' id='word_1_73' title='bbox 519 1163 832 1241; x_wconf 77' lang='lat' dir='ltr'><strong>nigrasque</strong></span> <span class='ocrx_word' id='word_1_74' title='bbox 876 1162 1054 1225; x_wconf 84' lang='lat' dir='ltr'><strong>sudes</strong></span> <span class='ocrx_word' id='word_1_75' title='bbox 1098 1172 1157 1225; x_wconf 86' lang='lat' dir='ltr'><strong>et</strong></span> <span class='ocrx_word' id='word_1_76' title='bbox 1197 1163 1389 1227; x_wconf 74' lang='lat' dir='ltr'><strong>lucida</strong></span> <span class='ocrx_word' id='word_1_77' title='bbox 1427 1164 1587 1224; x_wconf 77' lang='lat' dir='ltr'><strong>ferro</strong></span> 
     </span>
     <span class='ocr_line' id='line_1_13' title="bbox 183 1246 1644 1327; baseline 0 -19"><span class='ocrx_word' id='word_1_78' title='bbox 183 1249 429 1327; x_wconf 80' lang='lat' dir='ltr'><strong>Spicula</strong></span> <span class='ocrx_word' id='word_1_79' title='bbox 468 1256 526 1307; x_wconf 86' lang='lat' dir='ltr'><strong>et</strong></span> <span class='ocrx_word' id='word_1_80' title='bbox 559 1264 796 1309; x_wconf 81' lang='lat' dir='ltr'><strong>arsuras</strong></span> <span class='ocrx_word' id='word_1_81' title='bbox 834 1246 1141 1326; x_wconf 41' lang='lat' dir='ltr'><strong>coali‘per</strong></span> <span class='ocrx_word' id='word_1_82' title='bbox 1175 1249 1365 1316; x_wconf 83' lang='lat' dir='ltr'><strong>inania</strong></span> <span class='ocrx_word' id='word_1_83' title='bbox 1399 1249 1644 1326; x_wconf 77' lang='lat' dir='ltr'><strong>glandes</strong></span> 
     </span>
     <span class='ocr_line' id='line_1_14' title="bbox 183 1330 1613 1411; baseline 0.001 -19"><span class='ocrx_word' id='word_1_84' title='bbox 183 1333 461 1411; x_wconf 85' lang='lat' dir='ltr'><strong>Saxaque</strong></span> <span class='ocrx_word' id='word_1_85' title='bbox 501 1330 878 1393; x_wconf 41' lang='lat' dir='ltr'><strong>in&#39;adversos</strong></span> <span class='ocrx_word' id='word_1_86' title='bbox 916 1333 1059 1410; x_wconf 84' lang='lat' dir='ltr'><strong>ipsis</strong></span> <span class='ocrx_word' id='word_1_87' title='bbox 1104 1332 1307 1395; x_wconf 83' lang='lat' dir='ltr'><strong>avulsa</strong></span> <span class='ocrx_word' id='word_1_88' title='bbox 1342 1332 1613 1395; x_wconf 85' lang='lat' dir='ltr'><strong>rotabant</strong></span> 
     </span>
     <span class='ocr_line' id='line_1_15' title="bbox 180 1415 1606 1494; baseline 0.001 -18"><span class='ocrx_word' id='word_1_89' title='bbox 180 1415 522 1484; x_wconf 72' lang='lat' dir='ltr'><strong>Moenibus3</strong></span> <span class='ocrx_word' id='word_1_90' title='bbox 570 1416 858 1479; x_wconf 78' lang='lat' dir='ltr'><strong>exundant</strong></span> <span class='ocrx_word' id='word_1_91' title='bbox 896 1433 1079 1481; x_wconf 76' lang='lat' dir='ltr'><strong>saevo</strong></span> <span class='ocrx_word' id='word_1_92' title='bbox 1119 1417 1352 1494; x_wconf 77' lang='lat' dir='ltr'><strong>fastigia</strong></span> <span class='ocrx_word' id='word_1_93' title='bbox 1393 1417 1606 1493; x_wconf 82' lang='lat' dir='ltr'><strong>nimbo,</strong></span> 
     </span>
     <span class='ocr_line' id='line_1_16' title="bbox 182 1502 1717 1579; baseline -0.001 -18"><span class='ocrx_word' id='word_1_94' title='bbox 182 1502 579 1579; x_wconf 84' lang='lat' dir='ltr'><strong>Armataeque</strong></span> <span class='ocrx_word' id='word_1_95' title='bbox 619 1510 853 1563; x_wconf 84' lang='lat' dir='ltr'><strong>vomunt</strong></span> <span class='ocrx_word' id='word_1_96' title='bbox 897 1502 1197 1563; x_wconf 79' lang='lat' dir='ltr'><strong>stridentia</strong></span> <span class='ocrx_word' id='word_1_97' title='bbox 1238 1503 1359 1563; x_wconf 85' lang='lat' dir='ltr'><strong>tela</strong></span> <span class='ocrx_word' id='word_1_98' title='bbox 1399 1502 1717 1565; x_wconf 80' lang='lat' dir='ltr'><strong>fenestrae.</strong></span> 
     </span>
     <span class='ocr_line' id='line_1_17' title="bbox 183 1584 1725 1666; baseline 0.001 -21"><span class='ocrx_word' id='word_1_99' title='bbox 183 1585 453 1659; x_wconf 81' lang='lat' dir='ltr'><strong>Qualiter</strong></span> <span class='ocrx_word' id='word_1_100' title='bbox 492 1595 590 1645; x_wconf 89' lang='lat' dir='ltr'><strong>aut</strong></span> <span class='ocrx_word' id='word_1_101' title='bbox 624 1584 884 1662; x_wconf 65' lang='lat' dir='ltr'><strong>Maiam,</strong></span> <span class='ocrx_word' id='word_1_102' title='bbox 928 1593 1023 1645; x_wconf 82' lang='lat' dir='ltr'><strong>aut</strong></span> <span class='ocrx_word' id='word_1_103' title='bbox 1064 1586 1180 1646; x_wconf 89' lang='lat' dir='ltr'><strong>alta</strong></span> <span class='ocrx_word' id='word_1_104' title='bbox 1223 1584 1508 1649; x_wconf 83' lang='lat' dir='ltr'><strong>Ceraunia</strong></span> <span class='ocrx_word' id='word_1_105' title='bbox 1550 1605 1725 1666; x_wconf 85' lang='lat' dir='ltr'><strong>supra</strong></span> 
     </span>
     <span class='ocr_line' id='line_1_18' title="bbox 186 1667 1689 1748; baseline 0.001 -19"><span class='ocrx_word' id='word_1_106' title='bbox 186 1667 506 1730; x_wconf 87' lang='lat' dir='ltr'><strong>Cessantes</strong></span> <span class='ocrx_word' id='word_1_107' title='bbox 547 1671 604 1729; x_wconf 89' lang='lat' dir='ltr'><strong>in</strong></span> <span class='ocrx_word' id='word_1_108' title='bbox 638 1670 793 1733; x_wconf 79' lang='lat' dir='ltr'><strong>nube</strong></span> <span class='ocrx_word' id='word_1_109' title='bbox 836 1671 1044 1731; x_wconf 81' lang='lat' dir='ltr'><strong>sedent</strong></span> <span class='ocrx_word' id='word_1_110' title='bbox 1081 1671 1381 1748; x_wconf 81' lang='lat' dir='ltr'><strong>nigrisque</strong></span> <span class='ocrx_word' id='word_1_111' title='bbox 1420 1671 1689 1747; x_wconf 80' lang='lat' dir='ltr'><strong>leguntur</strong></span> 
     </span>
     <span class='ocr_line' id='line_1_19' title="bbox 187 1751 1718 1833; baseline -0.001 -19"><span class='ocrx_word' id='word_1_112' title='bbox 187 1751 455 1814; x_wconf 84' lang='lat' dir='ltr'><strong>Collibus</strong></span> <span class='ocrx_word' id='word_1_113' title='bbox 498 1763 556 1814; x_wconf 87' lang='lat' dir='ltr'><strong>et</strong></span> <span class='ocrx_word' id='word_1_114' title='bbox 600 1754 826 1817; x_wconf 80' lang='lat' dir='ltr'><strong>subitae</strong></span> <span class='ocrx_word' id='word_1_115' title='bbox 869 1755 1079 1816; x_wconf 74' lang='lat' dir='ltr'><strong>saliunt</strong></span> <span class='ocrx_word' id='word_1_116' title='bbox 1118 1756 1178 1815; x_wconf 89' lang='lat' dir='ltr'><strong>in</strong></span> <span class='ocrx_word' id='word_1_117' title='bbox 1212 1755 1345 1817; x_wconf 86' lang='lat' dir='ltr'><strong>vela</strong></span> <span class='ocrx_word' id='word_1_118' title='bbox 1390 1755 1718 1833; x_wconf 81' lang='lat' dir='ltr'><strong>procellae,</strong></span> 
     </span>
     <span class='ocr_line' id='line_1_20' title="bbox 186 1838 1591 1916; baseline 0 -18"><span class='ocrx_word' id='word_1_119' title='bbox 186 1838 349 1899; x_wconf 89' lang='lat' dir='ltr'><strong>Talis</strong></span> <span class='ocrx_word' id='word_1_120' title='bbox 391 1838 724 1916; x_wconf 85' lang='lat' dir='ltr'><strong>Agenoreis</strong></span> <span class='ocrx_word' id='word_1_121' title='bbox 758 1839 1037 1916; x_wconf 81' lang='lat' dir='ltr'><strong>Argivum</strong></span> <span class='ocrx_word' id='word_1_122' title='bbox 1082 1842 1378 1899; x_wconf 79' lang='lat' dir='ltr'><strong>exercitus</strong></span> <span class='ocrx_word' id='word_1_123' title='bbox 1410 1841 1591 1901; x_wconf 81' lang='lat' dir='ltr'><strong>armis</strong></span> 
     </span>
     <span class='ocr_line' id='line_1_21' title="bbox 186 1922 1717 2002; baseline 0 -20"><span class='ocrx_word' id='word_1_124' title='bbox 186 1922 489 1992; x_wconf 88' lang='lat' dir='ltr'><strong>Obruitur;</strong></span> <span class='ocrx_word' id='word_1_125' title='bbox 531 1942 647 1983; x_wconf 83' lang='lat' dir='ltr'><strong>uon</strong></span> <span class='ocrx_word' id='word_1_126' title='bbox 691 1940 795 1983; x_wconf 83' lang='lat' dir='ltr'><strong>ora</strong></span> <span class='ocrx_word' id='word_1_127' title='bbox 834 1927 1050 1999; x_wconf 72' lang='lat' dir='ltr'><strong>vinum,</strong></span> <span class='ocrx_word' id='word_1_128' title='bbox 1094 1941 1211 1983; x_wconf 90' lang='lat' dir='ltr'><strong>non</strong></span> <span class='ocrx_word' id='word_1_129' title='bbox 1253 1933 1496 2002; x_wconf 81' lang='lat' dir='ltr'><strong>pectora</strong></span> <span class='ocrx_word' id='word_1_130' title='bbox 1537 1924 1717 1984; x_wconf 86' lang='lat' dir='ltr'><strong>flectit</strong></span> 
     </span>
     <span class='ocr_line' id='line_1_22' title="bbox 183 2007 1815 2086; baseline -0.001 -17"><span class='ocrx_word' id='word_1_131' title='bbox 183 2007 382 2069; x_wconf 86' lang='lat' dir='ltr'><strong>Imber</strong></span> <span class='ocrx_word' id='word_1_132' title='bbox 420 2017 620 2085; x_wconf 82' lang='lat' dir='ltr'><strong>atrox,</strong></span> <span class='ocrx_word' id='word_1_133' title='bbox 658 2018 971 2086; x_wconf 83' lang='lat' dir='ltr'><strong>rectosque</strong></span> <span class='ocrx_word' id='word_1_134' title='bbox 1016 2017 1213 2071; x_wconf 83' lang='lat' dir='ltr'><strong>tenent</strong></span> <span class='ocrx_word' id='word_1_135' title='bbox 1253 2010 1313 2067; x_wconf 89' lang='lat' dir='ltr'><strong>in</strong></span> <span class='ocrx_word' id='word_1_136' title='bbox 1355 2009 1584 2071; x_wconf 86' lang='lat' dir='ltr'><strong>moenia</strong></span> <span class='ocrx_word' id='word_1_137' title='bbox 1626 2009 1815 2068; x_wconf 84' lang='lat' dir='ltr'><strong>vultus</strong></span> 
     </span>
     <span class='ocr_line' id='line_1_23' title="bbox 183 2091 1681 2157; baseline -0.001 -4"><span class='ocrx_word' id='word_1_138' title='bbox 183 2091 545 2153; x_wconf 87' lang='lat' dir='ltr'><strong>Inmemores</strong></span> <span class='ocrx_word' id='word_1_139' title='bbox 585 2093 686 2155; x_wconf 75' lang='lat' dir='ltr'><strong>leti</strong></span> <span class='ocrx_word' id='word_1_140' title='bbox 737 2104 808 2157; x_wconf 50' lang='lat' dir='ltr'><strong>etr</strong></span> <span class='ocrx_word' id='word_1_141' title='bbox 835 2103 1051 2155; x_wconf 83' lang='lat' dir='ltr'><strong>tantum</strong></span> <span class='ocrx_word' id='word_1_142' title='bbox 1092 2112 1197 2153; x_wconf 84' lang='lat' dir='ltr'><strong>sua</strong></span> <span class='ocrx_word' id='word_1_143' title='bbox 1236 2093 1356 2153; x_wconf 87' lang='lat' dir='ltr'><strong>tela</strong></span> <span class='ocrx_word' id='word_1_144' title='bbox 1396 2093 1681 2153; x_wconf 80' lang='lat' dir='ltr'><strong>videntes.</strong></span> 
     </span>
     <span class='ocr_line' id='line_1_24' title="bbox 183 2177 1542 2241; baseline 0 -4"><span class='ocrx_word' id='word_1_145' title='bbox 183 2177 421 2237; x_wconf 87' lang='lat' dir='ltr'><strong>Anthea</strong></span> <span class='ocrx_word' id='word_1_146' title='bbox 462 2177 677 2238; x_wconf 82' lang='lat' dir='ltr'><strong>falcato</strong></span> <span class='ocrx_word' id='word_1_147' title='bbox 721 2177 1060 2241; x_wconf 81' lang='lat' dir='ltr'><strong>lustrantem</strong></span> <span class='ocrx_word' id='word_1_148' title='bbox 1101 2179 1331 2239; x_wconf 82' lang='lat' dir='ltr'><strong>moenia</strong></span> <span class='ocrx_word' id='word_1_149' title='bbox 1373 2195 1542 2241; x_wconf 82' lang='lat' dir='ltr'><strong>curru</strong></span> 
     </span>
     <span class='ocr_line' id='line_1_25' title="bbox 183 2260 1805 2341; baseline -0.001 -19"><span class='ocrx_word' id='word_1_150' title='bbox 183 2262 461 2341; x_wconf 86' lang='lat' dir='ltr'><strong>Desuper</strong></span> <span class='ocrx_word' id='word_1_151' title='bbox 500 2260 765 2339; x_wconf 73' lang='lat' dir='ltr'><strong>Ogygiae</strong></span> <span class='ocrx_word' id='word_1_152' title='bbox 808 2262 1033 2341; x_wconf 74' lang='lat' dir='ltr'><strong>pepulit</strong></span> <span class='ocrx_word' id='word_1_153' title='bbox 1073 2265 1272 2340; x_wconf 75' lang='lat' dir='ltr'><strong>gravis</strong></span> <span class='ocrx_word' id='word_1_154' title='bbox 1311 2264 1540 2340; x_wconf 88' lang='lat' dir='ltr'><strong>inpetus</strong></span> <span class='ocrx_word' id='word_1_155' title='bbox 1576 2262 1805 2326; x_wconf 84' lang='lat' dir='ltr'><strong>hastae.</strong></span> 
     </span>
     <span class='ocr_line' id='line_1_26' title="bbox 185 2346 1780 2425; baseline 0.003 -19"><span class='ocrx_word' id='word_1_156' title='bbox 185 2346 341 2406; x_wconf 87' lang='lat' dir='ltr'><strong>Lora</strong></span> <span class='ocrx_word' id='word_1_157' title='bbox 379 2364 628 2409; x_wconf 83' lang='lat' dir='ltr'><strong>excussa</strong></span> <span class='ocrx_word' id='word_1_158' title='bbox 668 2365 865 2423; x_wconf 81' lang='lat' dir='ltr'><strong>manu,</strong></span> <span class='ocrx_word' id='word_1_159' title='bbox 912 2356 1189 2425; x_wconf 84' lang='lat' dir='ltr'><strong>retroque</strong></span> <span class='ocrx_word' id='word_1_160' title='bbox 1234 2349 1293 2407; x_wconf 88' lang='lat' dir='ltr'><strong>in</strong></span> <span class='ocrx_word' id='word_1_161' title='bbox 1340 2356 1507 2424; x_wconf 83' lang='lat' dir='ltr'><strong>terga</strong></span> <span class='ocrx_word' id='word_1_162' title='bbox 1547 2347 1780 2411; x_wconf 70' lang='lat' dir='ltr'><strong>volutus</strong></span> 
     </span>
     <span class='ocr_line' id='line_1_27' title="bbox 185 2431 1703 2498; baseline -0.001 -5"><span class='ocrx_word' id='word_1_163' title='bbox 185 2433 570 2493; x_wconf 83' lang='lat' dir='ltr'><strong>Semianimos</strong></span> <span class='ocrx_word' id='word_1_164' title='bbox 613 2440 771 2492; x_wconf 87' lang='lat' dir='ltr'><strong>artus</strong></span> <span class='ocrx_word' id='word_1_165' title='bbox 813 2432 1007 2491; x_wconf 87' lang='lat' dir='ltr'><strong>ocreis</strong></span> <span class='ocrx_word' id='word_1_166' title='bbox 1049 2431 1429 2497; x_wconf 82' lang='lat' dir='ltr'><strong>retinentibus</strong></span> <span class='ocrx_word' id='word_1_167' title='bbox 1470 2432 1703 2498; x_wconf 89' lang='lat' dir='ltr'><strong>haeret;</strong></span> 
     </span>
     <span class='ocr_line' id='line_1_28' title="bbox 186 2514 1681 2591; baseline 0.001 -17"><span class='ocrx_word' id='word_1_168' title='bbox 186 2514 506 2576; x_wconf 85' lang='lat' dir='ltr'><strong>Mirandum</strong></span> <span class='ocrx_word' id='word_1_169' title='bbox 546 2518 675 2579; x_wconf 84' lang='lat' dir='ltr'><strong>visu</strong></span> <span class='ocrx_word' id='word_1_170' title='bbox 711 2515 857 2577; x_wconf 83' lang='lat' dir='ltr'><strong>belli</strong></span> <span class='ocrx_word' id='word_1_171' title='bbox 891 2516 1119 2577; x_wconf 83' lang='lat' dir='ltr'><strong>scelus!</strong></span> <span class='ocrx_word' id='word_1_172' title='bbox 1163 2535 1323 2577; x_wconf 86' lang='lat' dir='ltr'><strong>arma</strong></span> <span class='ocrx_word' id='word_1_173' title='bbox 1362 2516 1681 2591; x_wconf 80' lang='lat' dir='ltr'><strong>trahuntur,</strong></span> 
     </span>
     <span class='ocr_line' id='line_1_29' title="bbox 186 2599 1716 2679; baseline -0.001 -19"><span class='ocrx_word' id='word_1_174' title='bbox 186 2599 616 2679; x_wconf 87' lang='lat' dir='ltr'><strong>Fumantesque</strong></span> <span class='ocrx_word' id='word_1_175' title='bbox 659 2610 824 2661; x_wconf 85' lang='lat' dir='ltr'><strong>rotae</strong></span> <span class='ocrx_word' id='word_1_176' title='bbox 862 2600 1132 2661; x_wconf 83' lang='lat' dir='ltr'><strong>tellurem</strong></span> <span class='ocrx_word' id='word_1_177' title='bbox 1171 2610 1231 2660; x_wconf 88' lang='lat' dir='ltr'><strong>et</strong></span> <span class='ocrx_word' id='word_1_178' title='bbox 1269 2603 1472 2663; x_wconf 85' lang='lat' dir='ltr'><strong>tertius</strong></span> <span class='ocrx_word' id='word_1_179' title='bbox 1512 2601 1716 2661; x_wconf 88' lang='lat' dir='ltr'><strong>hastae</strong></span> 
     </span>
     <span class='ocr_line' id='line_1_30' title="bbox 189 2684 1889 2766; baseline 0.001 -22"><span class='ocrx_word' id='word_1_180' title='bbox 189 2684 402 2745; x_wconf 86' lang='lat' dir='ltr'><strong>Sulous</strong></span> <span class='ocrx_word' id='word_1_181' title='bbox 438 2694 628 2752; x_wconf 53' lang='lat' dir='ltr'><strong>aranu</strong></span> <span class='ocrx_word' id='word_1_182' title='bbox 666 2685 848 2762; x_wconf 81' lang='lat' dir='ltr'><strong>longo</strong></span> <span class='ocrx_word' id='word_1_183' title='bbox 890 2687 1153 2766; x_wconf 81' lang='lat' dir='ltr'><strong>sequitur</strong></span> <span class='ocrx_word' id='word_1_184' title='bbox 1190 2704 1342 2763; x_wconf 81' lang='lat' dir='ltr'><strong>vaga</strong></span> <span class='ocrx_word' id='word_1_185' title='bbox 1377 2685 1622 2763; x_wconf 87' lang='lat' dir='ltr'><strong>pulvere</strong></span> <span class='ocrx_word' id='word_1_186' title='bbox 1667 2687 1889 2761; x_wconf 81' lang='lat' dir='ltr'><strong>cervix,</strong></span> 
     </span>
     <span class='ocr_line' id='line_1_31' title="bbox 188 2768 1647 2848; baseline -0.002 -19"><span class='ocrx_word' id='word_1_187' title='bbox 188 2768 269 2829; x_wconf 93' lang='lat' dir='ltr'><strong>Et</strong></span> <span class='ocrx_word' id='word_1_188' title='bbox 305 2771 704 2848; x_wconf 90' lang='lat' dir='ltr'><strong>resupinarum</strong></span> <span class='ocrx_word' id='word_1_189' title='bbox 742 2778 904 2847; x_wconf 81' lang='lat' dir='ltr'><strong>patet</strong></span> <span class='ocrx_word' id='word_1_190' title='bbox 939 2769 1134 2832; x_wconf 80' lang='lat' dir='ltr'><strong>orbita</strong></span> <span class='ocrx_word' id='word_1_191' title='bbox 1175 2770 1292 2830; x_wconf 82' lang='lat' dir='ltr'><strong>lata</strong></span> <span class='ocrx_word' id='word_1_192' title='bbox 1336 2787 1647 2837; x_wconf 72' lang='lat' dir='ltr'><strong>comarum.</strong></span> 
     </span>
    </p>

    <p class='ocr_par' dir='ltr' id='par_1_8' title="bbox 188 2852 1855 3527">
     <span class='ocr_line' id='line_1_32' title="bbox 317 2852 1800 2933; baseline 0.002 -21"><span class='ocrx_word' id='word_1_193' title='bbox 317 2853 397 2913; x_wconf 91' lang='lat' dir='ltr'><strong>At</strong></span> <span class='ocrx_word' id='word_1_194' title='bbox 439 2853 578 2915; x_wconf 90' lang='lat' dir='ltr'><strong>tuba</strong></span> <span class='ocrx_word' id='word_1_195' title='bbox 613 2854 883 2915; x_wconf 79' lang='lat' dir='ltr'><strong>luctificis</strong></span> <span class='ocrx_word' id='word_1_196' title='bbox 928 2854 1124 2933; x_wconf 74' lang='lat' dir='ltr'><strong>pulsat</strong></span> <span class='ocrx_word' id='word_1_197' title='bbox 1162 2853 1534 2931; x_wconf 81' lang='lat' dir='ltr'><strong>clangoribus</strong></span> <span class='ocrx_word' id='word_1_198' title='bbox 1574 2852 1800 2930; x_wconf 72' lang='lat' dir='ltr'><strong>urbem,</strong></span> 
     </span>
     <span class='ocr_line' id='line_1_33' title="bbox 190 2937 1658 3017; baseline -0.003 -18"><span class='ocrx_word' id='word_1_199' title='bbox 190 2937 605 3017; x_wconf 87' lang='lat' dir='ltr'><strong>Obseptasque</strong></span> <span class='ocrx_word' id='word_1_200' title='bbox 647 2938 809 3001; x_wconf 83' lang='lat' dir='ltr'><strong>fores</strong></span> <span class='ocrx_word' id='word_1_201' title='bbox 857 2941 1052 3001; x_wconf 83' lang='lat' dir='ltr'><strong>sonitu</strong></span> <span class='ocrx_word' id='word_1_202' title='bbox 1094 2938 1401 3017; x_wconf 68' lang='lat' dir='ltr'><strong>perfringit</strong></span> <span class='ocrx_word' id='word_1_203' title='bbox 1442 2955 1658 3001; x_wconf 79' lang='lat' dir='ltr'><strong>amaro.</strong></span> 
     </span>
     <span class='ocr_line' id='line_1_34' title="bbox 188 3023 1639 3103; baseline -0.001 -19"><span class='ocrx_word' id='word_1_204' title='bbox 188 3024 465 3084; x_wconf 86' lang='lat' dir='ltr'><strong>Divisere</strong></span> <span class='ocrx_word' id='word_1_205' title='bbox 505 3025 730 3098; x_wconf 78' lang='lat' dir='ltr'><strong>aditus,</strong></span> <span class='ocrx_word' id='word_1_206' title='bbox 775 3024 1048 3103; x_wconf 87' lang='lat' dir='ltr'><strong>omnique</strong></span> <span class='ocrx_word' id='word_1_207' title='bbox 1092 3025 1150 3082; x_wconf 87' lang='lat' dir='ltr'><strong>in</strong></span> <span class='ocrx_word' id='word_1_208' title='bbox 1183 3023 1378 3085; x_wconf 84' lang='lat' dir='ltr'><strong>limine</strong></span> <span class='ocrx_word' id='word_1_209' title='bbox 1425 3042 1639 3084; x_wconf 87' lang='lat' dir='ltr'><strong>saevus</strong></span> 
     </span>
     <span class='ocr_line' id='line_1_35' title="bbox 191 3107 1855 3187; baseline -0.005 -17"><span class='ocrx_word' id='word_1_210' title='bbox 191 3108 455 3187; x_wconf 84' lang='lat' dir='ltr'><strong>Signifer</strong></span> <span class='ocrx_word' id='word_1_211' title='bbox 491 3118 626 3171; x_wconf 82' lang='lat' dir='ltr'><strong>ante</strong></span> <span class='ocrx_word' id='word_1_212' title='bbox 671 3126 873 3171; x_wconf 81' lang='lat' dir='ltr'><strong>omnes</strong></span> <span class='ocrx_word' id='word_1_213' title='bbox 912 3107 1271 3171; x_wconf 65' lang='lat' dir='ltr'><strong>sua&#39;damnae</strong></span> <span class='ocrx_word' id='word_1_214' title='bbox 1298 3116 1361 3168; x_wconf 91' lang='lat' dir='ltr'><strong>et</strong></span> <span class='ocrx_word' id='word_1_215' title='bbox 1396 3108 1606 3186; x_wconf 80' lang='lat' dir='ltr'><strong>gaudia</strong></span> <span class='ocrx_word' id='word_1_216' title='bbox 1643 3115 1855 3186; x_wconf 85' lang='lat' dir='ltr'><strong>portat.</strong></span> 
     </span>
     <span class='ocr_line' id='line_1_36' title="bbox 188 3190 1651 3272; baseline -0.001 -19"><span class='ocrx_word' id='word_1_217' title='bbox 188 3193 337 3254; x_wconf 88' lang='lat' dir='ltr'><strong>Dira</strong></span> <span class='ocrx_word' id='word_1_218' title='bbox 378 3195 528 3252; x_wconf 89' lang='lat' dir='ltr'><strong>intus</strong></span> <span class='ocrx_word' id='word_1_219' title='bbox 567 3193 788 3269; x_wconf 78' lang='lat' dir='ltr'><strong>facies,</strong></span> <span class='ocrx_word' id='word_1_220' title='bbox 823 3195 922 3255; x_wconf 79' lang='lat' dir='ltr'><strong>vix</strong></span> <span class='ocrx_word' id='word_1_221' title='bbox 961 3190 1195 3255; x_wconf 83' lang='lat' dir='ltr'><strong>Mavors</strong></span> <span class='ocrx_word' id='word_1_222' title='bbox 1237 3194 1366 3272; x_wconf 81' lang='lat' dir='ltr'><strong>ipse</strong></span> <span class='ocrx_word' id='word_1_223' title='bbox 1398 3193 1651 3257; x_wconf 78' lang='lat' dir='ltr'><strong>videndo</strong></span> 
     </span>
     <span class='ocr_line' id='line_1_37' title="bbox 193 3275 1796 3356; baseline -0.003 -17"><span class='ocrx_word' id='word_1_224' title='bbox 193 3277 492 3345; x_wconf 84' lang='lat' dir='ltr'><strong>Gaudeat;</strong></span> <span class='ocrx_word' id='word_1_225' title='bbox 536 3278 776 3341; x_wconf 80' lang='lat' dir='ltr'><strong>incertis</strong></span> <span class='ocrx_word' id='word_1_226' title='bbox 799 3275 1167 3356; x_wconf 76' lang='lat' dir='ltr'><strong>lymphatam</strong></span> <span class='ocrx_word' id='word_1_227' title='bbox 1207 3276 1549 3339; x_wconf 82' lang='lat' dir='ltr'><strong>horroribus</strong></span> <span class='ocrx_word' id='word_1_228' title='bbox 1572 3275 1796 3339; x_wconf 82' lang='lat' dir='ltr'><strong>-urbem</strong></span> 
     </span>
     <span class='ocr_line' id='line_1_38' title="bbox 192 3361 1654 3442; baseline -0.001 -20"><span class='ocrx_word' id='word_1_229' title='bbox 192 3361 472 3422; x_wconf 88' lang='lat' dir='ltr'><strong>Scindunt</strong></span> <span class='ocrx_word' id='word_1_230' title='bbox 515 3361 784 3425; x_wconf 68' lang='lat' dir='ltr'><strong>dissensu</strong></span> <span class='ocrx_word' id='word_1_231' title='bbox 824 3363 987 3425; x_wconf 82' lang='lat' dir='ltr'><strong>vario</strong></span> <span class='ocrx_word' id='word_1_232' title='bbox 1032 3361 1337 3442; x_wconf 84' lang='lat' dir='ltr'><strong>luctusque</strong></span> <span class='ocrx_word' id='word_1_233' title='bbox 1375 3363 1654 3441; x_wconf 66' lang='lat' dir='ltr'><strong>furorque</strong></span> 
     </span>
     <span class='ocr_line' id='line_1_39' title="bbox 193 3445 1719 3527; baseline -0.001 -21"><span class='ocrx_word' id='word_1_234' title='bbox 193 3445 270 3507; x_wconf 88' lang='lat' dir='ltr'><strong>Et</strong></span> <span class='ocrx_word' id='word_1_235' title='bbox 312 3464 500 3526; x_wconf 88' lang='lat' dir='ltr'><strong>pavor</strong></span> <span class='ocrx_word' id='word_1_236' title='bbox 550 3456 611 3508; x_wconf 88' lang='lat' dir='ltr'><strong>et</strong></span> <span class='ocrx_word' id='word_1_237' title='bbox 652 3448 850 3511; x_wconf 80' lang='lat' dir='ltr'><strong>caecis</strong></span> <span class='ocrx_word' id='word_1_238' title='bbox 883 3446 1025 3527; x_wconf 76' lang='lat' dir='ltr'><strong>fuga</strong></span> <span class='ocrx_word' id='word_1_239' title='bbox 1059 3447 1407 3511; x_wconf 71' lang='lat' dir='ltr'><strong>circumfusa</strong></span> <span class='ocrx_word' id='word_1_240' title='bbox 1442 3446 1719 3508; x_wconf 86' lang='lat' dir='ltr'><strong>tenebris.</strong></span> 
     </span>
    </p>
   </div>
   <div class='ocr_carea' id='block_1_8' title="bbox 2055 142 2168 215">
    <p class='ocr_par' dir='ltr' id='par_1_9' title="bbox 2055 142 2168 215">
     <span class='ocr_line' id='line_1_40' title="bbox 2055 142 2168 215; baseline 0.027 -3"><span class='ocrx_word' id='word_1_241' title='bbox 2055 142 2168 215; x_wconf 81' lang='lat'><strong>&#39;221</strong></span> 
     </span>
    </p>
   </div>
   <div class='ocr_carea' id='block_1_9' title="bbox 2068 590 2174 643">
    <p class='ocr_par' dir='ltr' id='par_1_10' title="bbox 2068 590 2174 643">
     <span class='ocr_line' id='line_1_41' title="bbox 2068 590 2174 643; baseline 0.028 -3"><span class='ocrx_word' id='word_1_242' title='bbox 2068 590 2174 643; x_wconf 70' lang='lat'><strong>525</strong></span> 
     </span>
    </p>
   </div>
   <div class='ocr_carea' id='block_1_10' title="bbox 2071 1011 2176 1065">
    <p class='ocr_par' dir='ltr' id='par_1_11' title="bbox 2071 1011 2176 1065">
     <span class='ocr_line' id='line_1_42' title="bbox 2071 1011 2176 1065; baseline 0.029 -3"><span class='ocrx_word' id='word_1_243' title='bbox 2071 1011 2176 1065; x_wconf 74' lang='lat'><strong>530</strong></span> 
     </span>
    </p>
   </div>
   <div class='ocr_carea' id='block_1_11' title="bbox 2076 1851 2180 1904">
    <p class='ocr_par' dir='ltr' id='par_1_12' title="bbox 2076 1851 2180 1904">
     <span class='ocr_line' id='line_1_43' title="bbox 2076 1851 2180 1904; baseline 0.019 -2"><span class='ocrx_word' id='word_1_244' title='bbox 2076 1851 2180 1904; x_wconf 79' lang='lat'><strong>540</strong></span> 
     </span>
    </p>
   </div>
   <div class='ocr_carea' id='block_1_12' title="bbox 2077 2273 2178 2331">
    <p class='ocr_par' dir='ltr' id='par_1_13' title="bbox 2077 2273 2178 2331">
     <span class='ocr_line' id='line_1_44' title="bbox 2077 2273 2178 2331; baseline 0.04 -5"><span class='ocrx_word' id='word_1_245' title='bbox 2077 2273 2178 2331; x_wconf 77' lang='lat'><strong>545</strong></span> 
     </span>
    </p>
   </div>
   <div class='ocr_carea' id='block_1_13' title="bbox 2079 2697 2183 2750">
    <p class='ocr_par' dir='ltr' id='par_1_14' title="bbox 2079 2697 2183 2750">
     <span class='ocr_line' id='line_1_45' title="bbox 2079 2697 2183 2750; baseline 0.019 -2"><span class='ocrx_word' id='word_1_246' title='bbox 2079 2697 2183 2750; x_wconf 85' lang='grc'><strong>550</strong></span> 
     </span>
    </p>
   </div>
   <div class='ocr_carea' id='block_1_14' title="bbox 2079 3116 2183 3167">
    <p class='ocr_par' dir='ltr' id='par_1_15' title="bbox 2079 3116 2183 3167">
     <span class='ocr_line' id='line_1_46' title="bbox 2079 3116 2183 3167; baseline 0.01 -1"><span class='ocrx_word' id='word_1_247' title='bbox 2079 3116 2183 3167; x_wconf 85' lang='grc'><strong>555</strong></span> 
     </span>
    </p>
   </div>
  </div>
 </body>
</html>
