2517 3909
198 175 285 240 92
943 175 1006 230 Ρ.
1043 173 1325 230 ΡΑΡΙΝΠ
1362 172 1606 229 STATII

198 320 468 388 Dedere.
559 321 651 387 sic
696 324 868 387 certe
913 321 1161 386 cineres
1207 320 1633 405 umbramque
1679 319 1962 403 priorem

201 411 470 489 Quaeris
517 411 744 495 adhuc,
791 411 885 475 sic
931 410 1231 495 exequias
1281 410 1579 494 amplexa
1626 410 1847 475 canori

201 499 513 587 Coniugis
559 500 857 585 ingentes
903 499 1158 565 iterasti
1203 502 1463 582 pectore
1506 498 1829 584 planctuS,

198 589 341 655 Iam
386 611 545 655 mea.
633 609 754 654 nec
798 589 1007 673 pietas
1055 588 1184 653 alia
1230 591 1331 653 est
1374 587 1495 652 tibi
1541 608 1821 673 curaque
1866 586 2078 672 natae',

202 676 306 744 Sic
352 682 420 743 et
462 681 672 744 mater
718 699 916 763 amas,
962 678 1055 743 sic
1098 698 1453 761 numquam
1499 677 1693 742 corde
1739 678 1980 743 recedit
2275 694 2346 745 55

198 765 377 832 Nata
421 770 552 852 tuo,
597 767 917 851 fixamque
965 766 1166 831 animi
1211 765 1650 850 penetralibus
1696 766 1846 831 imis

198 853 409 922 Nocte
456 857 681 941 dieque
727 859 930 921 tenes.
1017 876 1151 920 non
1196 856 1290 919 sic
1327 853 1678 920 Trachinia
1721 854 1908 921 nidos

200 945 512 1031 Alcyone,
555 966 794 1010 uernos
840 966 977 1010 non
1023 944 1116 1010 sic
1159 942 1525 1009 Philomela
1568 947 1836 1029 penates

202 1031 450 1099 Circuit
496 1034 891 1119 amplectens
939 1034 1350 1118 animamque
1396 1033 1466 1097 in
1511 1034 1790 1118 pignora
1833 1033 2167 1099 transfert.

199 1122 292 1187 Et
334 1144 510 1189 nunc
554 1124 668 1188 illa
711 1124 893 1208 tepet
937 1122 1133 1188 uiduo
1180 1122 1352 1207 quod
1400 1123 1543 1187 sola
1589 1122 1812 1188 cubili:
2060 1171 2063 1176 -
2274 1133 2353 1190 60

201 1211 352 1277 Otia
395 1215 533 1277 tam
578 1211 888 1297 pulchrae
932 1212 1089 1276 terit
1141 1211 1493 1277 infecunda
1536 1211 1860 1298 iuuentae,

203 1299 329 1366 Sed
373 1302 655 1385 uenient,
702 1300 914 1385 plenis
960 1300 1226 1366 uenient
1272 1300 1552 1366 conubia
1593 1300 1823 1366 taedis.

203 1388 307 1454 Sic
353 1393 525 1455 certe
569 1390 948 1474 formaeque
994 1389 1180 1455 bonis
1226 1389 1556 1474 animique
1600 1388 1913 1476 meretur:

202 1476 352 1543 Siue
399 1477 635 1563 chelyn
682 1478 1019 1561 complexa
1061 1478 1214 1543 ferit
1261 1500 1375 1544 seu
1419 1501 1580 1544 uoce
1624 1482 1899 1564 paterna

201 1564 597 1633 Discendum
641 1566 845 1632 Musis
896 1570 1090 1632 sonat
1134 1571 1201 1632 et
1245 1590 1394 1633 mea
1438 1568 1726 1633 carmina
1770 1567 2001 1653 flectit,
2066 1569 2083 1580 ‘
2119 1618 2135 1624 -
2275 1584 2353 1634 65

203 1653 495 1721 Candida
540 1678 654 1721 seu
698 1656 882 1721 molli
925 1656 1170 1721 diducit
1212 1656 1481 1722 brachia
1524 1661 1735 1722 motu:

199 1743 545 1831 Ingenium
587 1746 878 1830 probitas
925 1749 1259 1831 artemque
1312 1746 1633 1811 modestia
1677 1745 1902 1811 uincit.

200 1833 437 1900 Nonne
482 1836 659 1900 leues
705 1856 958 1921 pueros,
1002 1856 1137 1902 non
1180 1838 1266 1920 te,
1314 1832 1655 1919 Cytherea,
1690 1834 1960 1919 pudebit
2046 1912 2074 1923 -

200 1922 343 1989 Hoc
390 1944 643 1990 cessare
691 1924 930 1990 decus?
971 1946 1093 1990 nec
1138 1927 1396 1989 tantum
1440 1922 1652 1989 Roma
1695 1922 1946 2008 iugales

202 2010 565 2079 Conciliare
607 2018 787 2080 toros
834 2013 1161 2098 festasque
1208 2012 1556 2078 accendere
1600 2012 1825 2077 taedas
2277 2030 2352 2079 70

199 2100 495 2168 Fertilis:
542 2104 609 2166 et
652 2106 881 2167 nostra
926 2103 1147 2188 generi
1191 2103 1425 2167 tellure
1472 2101 1813 2166 dabuntur.

199 2188 355 2255 Non
400 2191 558 2257 adeo
605 2189 930 2255 Uesuinus
978 2213 1140 2275 apex
1187 2195 1256 2257 et
1298 2191 1599 2255 flammea
1643 2190 1768 2255 diri

201 2277 446 2344 Montis
491 2279 699 2344 hiems
746 2279 1033 2363 trepidas
1080 2280 1379 2345 exhausit
1424 2279 1675 2345 ciuibus
1721 2278 1945 2343 urbes:

203 2366 395 2433 Stant
436 2368 822 2453 populisque
868 2369 1113 2453 uigent.
1201 2369 1356 2434 hinc
1403 2369 1661 2452 auspice
1707 2368 1968 2433 condita
2012 2367 2282 2436 Phoebo

202 2455 402 2522 Tecta
445 2456 790 2522 Dicarchei
834 2460 1193 2543 portusque
1240 2462 1307 2524 et
1353 2458 1552 2522 litora
1597 2457 1838 2522 mundo
2276 2477 2353 2526 75

201 2544 510 2629 Hospita:
558 2549 629 2610 at
670 2546 825 2611 hinc
869 2567 1147 2631 magnae
1192 2550 1442 2612 tractus
1488 2546 1815 2610 imitantia
1858 2546 2108 2613 Romae

203 2634 381 2712 Quae
427 2633 643 2719 Capys
693 2634 976 2700 adnectis
1017 2635 1305 2721 inpleuit
1348 2635 1608 2700 moenia
1654 2634 1938 2700 Teucris.

201 2722 447 2788 Nostra
494 2744 748 2808 quoque
795 2727 861 2788 et
905 2725 1192 2809 propriis
1237 2724 1453 2790 tenuis
1501 2744 1619 2788 nec
1663 2745 1816 2789 rara
1861 2724 2106 2790 colonis

344 3101 411 3152 57
448 3093 731 3151 trachinia
780 3098 842 3150 ςε
888 3093 1130 3149 intracia
1173 3092 1252 3147 A*
1288 3099 1324 3146 c
1376 3095 1397 3163 ΙΙ
1451 3098 1519 3149 60
1555 3095 1714 3163 tepet
1747 3096 1972 3165 seo-imi:
2020 3097 2182 3152 tenet
2220 3104 2256 3150 o
2295 3119 2350 3170 a,

199 3183 305 3239 quo
348 3172 569 3224 seruato
612 3165 846 3221 uiduum
891 3164 1076 3220 cubile
1122 3165 1452 3230 Getam-tius,
1496 3166 1712 3235 uulyofl
1748 3172 1813 3221 61
1852 3168 1971 3221 tam
2011 3166 2348 3225 Gemi-tius.-

197 3241 311 3296 iam
349 3246 385 3293 c
422 3258 456 3293 a
489 3241 510 3310 fl
549 3244 615 3295 63
655 3237 988 3307 animaeque
1026 3242 1066 3288 0
1098 3253 1151 3307 a,
1187 3252 1327 3292 corr.
1369 3241 1405 3291 ς
1442 3237 1462 3305 u
1498 3241 1567 3290 64
1602 3237 1737 3292 ferit
1772 3237 2013 3292 Markl.:
2048 3239 2199 3309 petit
2236 3246 2272 3292 o
2312 3260 2355 3294 ι

197 3310 217 3382 ΙΙ
255 3317 320 3367 72
359 3310 661 3366 uesuuinus
698 3314 772 3375 A;
817 3311 883 3365 de
927 3314 963 3361 (2
1008 3324 1122 3363 non
1168 3310 1336 3378 liquet
1379 3310 1399 3379 ΙΙ
1445 3312 1513 3361 ’14
1548 3307 1680 3362 hinc
1716 3308 2011 3363 Heinsius:
2049 3307 2144 3365 hic
2182 3317 2218 3363 o
2256 3330 2293 3365 a
2329 3312 2351 3386 Η

203 3388 268 3436 75
313 3383 522 3438 mundo
567 3382 683 3450 (uel
738 3381 885 3451 Baii)
932 3380 1174 3437 Markl.:
1234 3377 1429 3434 mundi
1478 3383 1513 3429 0
1549 3397 1583 3431 a
1627 3380 1788 3448 ponti
1837 3381 1927 3435 uel
1969 3381 2144 3436 musis
2190 3382 2350 3438 ,Βαν-

197 3469 435 3508 mwnnus
