2517 3909
346 124 464 187 122
1000 137 1066 186 P.
1107 136 1377 187 mrum
1416 136 1661 187 emm

468 293 621 369 Quin
663 303 725 354 et
758 292 1120 355 Thessalicis
1155 292 1305 355 felix
1340 293 1641 355 Admetus.
1664 292 1743 355 ab
1778 295 1901 362 oris

340 379 458 439 Vix
499 379 731 440 steriles
776 379 1102 459 compescit
1144 396 1360 459 equas,
1400 377 1755 441 Centaurica
1787 380 1995 450 dicunt·

342 464 605 533 Semina3
647 463 864 541 credo,
903 463 1059 524 adeo
1102 481 1310 524 sexum
1346 464 1742 541 indignantur,
1789 472 1850 524 et
1891 464 2074 525 omnis
2188 469 2197 482 ‘

339 547 408 610 In
448 550 606 608 vires
646 548 894 614 adducta
936 547 1135 608 Venus
1150 592 1169 624 ‚
1223 549 1575 626 noctemque
1612 548 1894 628 diemque
2228 558 2332 614 335

338 632 696 694 Assimulant
709 678 728 710 ,
773 632 1014 693 maculis
1054 632 1561 710 internigramihus
1602 633 1805 703 albae}
2162 665 2167 674 ·

344 717 561 779 Tantus
598 728 844 797 uterque
882 717 1085 794 color,
1130 717 1293 778 credi
1333 735 1451 778 nec
1488 717 1750 795 degener
1791 718 1896 779 illo

339 802 434 863 De
469 820 656 880 grege
701 799 1029 879 Castaliae,
1071 803 1290 882 stupuit
1330 803 1426 881 qui
1468 802 1639 863 sibila
1676 815 1899 864 cannae

339 886 552 948 Laetus
597 895 659 947 et
706 886 897 948 audito
939 887 1291 966 comempsit
1330 886 1609 966 Apolline
1652 889 1836 966 pasci.

466 970 630 1031 Ecce
668 980 729 1031 et
769 969 1076 1032 Iasonidae
1116 972 1362 1032 iuvenes
1404 988 1554 1032 nova
1592 972 1785 1049 gloria
1820 972 2019 1032 matris
2231 978 2338 1034 340

339 1054 699 1136 Hypsipyles
734 1055 969 1117 subiere
1012 1056 1186 1133 ing-e,
1229 1073 1347 1135 quo
1380 1064 1599 1117 -vectns
1639 1065 1911 1135 uterque.

340 1140 568 1201 Nomen
612 1158 723 1202 avo
761 1140 983 1218 gentile
1021 1140 1249 1216 Thoas,
1298 1150 1477 1220 atque
1514 1142 1704 1202 online
1744 1141 1937 1201 dictus

341 1224 584 1286 Euneos
624 1224 861 1303 Argoo;
899 1227 1143 1302 geminis
1188 1225 1395 1286 eadem
1434 1227 1659 1302 omnia,
1702 1226 1928 1301 vultus,

346 1307 599 1388 Currus,
642 1310 808 1389 equi,
851 1319 1053 1371 vestes
1099 1327 1206 1389 par
1244 1319 1304 1370 et
1340 1310 1657 1371 concordia
1693 1311 1847 1387 voti,

342 1394 600 1454 Vincere
639 1393 740 1455 vel
778 1394 910 1455 solo
956 1396 1192 1474 cupiunt
1228 1412 1261 1455 a
1306 1394 1491 1456 fratre
1528 1394 1801 1474 relinqui.
2231 1400 2336 1455 345

341 1478 396 1540 It
437 1477 701 1539 Chromis
741 1477 1284 1558 Hippodamusque,
1329 1478 1479 1540 alter
1510 1488 1673 1539 satus
1715 1478 1973 1554 Hercule
2014 1494 2250 1555 magno,

343 1562 515 1624 Alter
558 1563 632 1624 ab
674 1562 1004 1624 Oenomao:
1049 1563 1311 1641 dubites,
1352 1573 1486 1625 uter
1526 1564 1981 1643 effera-presset

342 1646 537 1709 Fr'ena
575 1647 778 1725 magis.
867 1646 1055 1710 Getici
1093 1666 1280 1727 pecus
1312 1648 1409 1709 hic
1440 1647 1773 1725 Diomedis,
1818 1657 1878 1709 at
1917 1649 2021 1711 ille

343 1732 537 1794 Pisaei
572 1733 708 1810 iuga
746 1733 929 1812 patris
964 1732 1174 1809 lubet,
1221 1732 1555 1796 crudelibus
1599 1733 1767 1796 mbo

344 1816 587 1878 Exuviis
633 1817 877 1896 diroque
911 1817 1091 1877 inbuti
1134 1819 1414 1896 sanguine
1453 1836 1706 1880 currus.-
2233 1826 2337 1881 351)

471 1900 755 1962 Metarum
792 1903 973 1963 instar
1014 1911 1141 1963 erat
1178 1901 1507 1963 hinc-nudo
1548 1902 1769 1962 robore
1808 1917 2097 1981 quercus,

348 1985 501 2047 Olim
544 2003 747 2058 omues
790 1995 963 2047 exuta
988 1987 1239 2064 θεῶν’,
1278 1986 1417 2046 hinc
1456 1991 1671 2048 saxeus
1712 1985 1923 2046 umbo·
1982 2009 1987 2014 ·

342 2070 588 2134 Arbiter
626 2070 933 2149 agricolis;
971 2071 1151 2132 finem
1179 2072 1348 2131 iacet
1396 2072 1546 2131 inter
1585 2080 1922 2150 utrumque,
2016 2095 2023 2104 ¹

346 2155 534 2231 Quale
574 2163 779 2234 quater
816 2154 1008 2216 iaculo
1057 2156 1337 2235 spatium,
1377 2164 1469 2216 ter
1506 2156 1783 2217 arundine
1822 2156 2042 2217 vincas.

470 2238 701 2301 Interea
736 2248 906 2302 cantu
942 2238 1239 2304 Musarum
1268 2240 1471 2304 nobile
1500 2241 1775 2301 ‘muleens
1992 2267 1997 2276 ·
2228 2249 2336 2309 355

347 2323 670 2386 Concilium
711 2324 1084 2405 citharaeque
1126 2343 1327 2386 manus
1370 2326 1620 2385 insertus
1648 2324 1885 2405 Apollo
2152 2351 2159 2360 ·

342 2409 616 2471 Parnassi
651 2426 874 2469 sumo
911 2408 1220 2489 spectabat
1251 2409 1325 2470 ab
1368 2409 1612 2482 aethere
1653 2415 1913 2488 terras,.

346 2492 497 2554 Orsa
538 2493 709 2554 deum
749 2525 839 2542 —0
873 2512 1006 2554 nam
1044 2497 1230 2574 saepe
1260 2493 1477 2554 Iovem·
1499 2493 1922 2573 Phlegramque
1958 2494 2168 2574 suique

345 2578 571 2656 Anguis
613 2595 762 2658 opus
799 2578 1156 2658 fratrumque
1202 2580 1332 2658 pius
1376 2588 1641 2639 cantarat.
1673 2578 1929 2640 honores
1960 2611 2056 2634 u*-

346 2662 507 2724 Tunc
542 2665 763 2742 aperit,
807 2664 935 2742 quis
974 2663 1194 2724 fulmen
1234 2668 1402 2741 agat,
1438 2665 1583 2742 quis
1619 2663 1811 2724 sidera
1858 2664 2033 2725 ducat
2233 2675 2341 2730 360

344 2748 626 2828 Spiritus,
666 2747 817 2808 unde
855 2749 1026 2808 animi
1067 2748 1288 2825 fluviis,
1335 2747 1739 2827 quac-pabula
1779 2750 2001 2823 ventis,
2295 2749 2305 2758 ’

344 2831 475 2907 Quo
515 2831 677 2892 fonte
720 2833 1037 2892 inmensum
1073 2833 1233 2894 vivat
1275 2850 1468 2909 mane,
1492 2836 1664 2912 'quae
1706 2834 1800 2894 'via
1839 2832 2002 2894 soles

342 2917 696 2996 Praecipitet
712 2962 730 2994 ,
776 2925 1008 2976 noctem
1053 2933 1203 2994 quae
1250 2918 1544 2996 porrigat,
1589 2918 1818 2978 inmane
1862 2918 2038 2979 tellus

342 3000 438 3062 An
481 3001 669 3062 media
710 3009 771 3061 et
808 3017 1009 3061 rursus
1050 3000 1262 3061 mundo
1306 3002 1603 3062 succincta
1644 3002 1865 3062 latenti.

470 3084 628 3146 Finis
672 3094 829 3161 erat,
875 3083 1070 3145 differt
1110 3086 1310 3148 avidas
1352 3084 1563 3146 andire.-
1593 3103 1869 3163 sorores,
2235 3097 2343 3160 affi

338 3169 608 3248 Dumque
653 3169 867 3244 chelyn
910 3167 1076 3229 lauro
1120 3179 1461 3248 textumque
1502 3170 1747 3230 inlustre
1790 3181 2047 3232 coronae

342 3253 611 3330 Subligat
650 3262 710 3313 et
754 3255 913 3333 picto
941 3252 1229 3332 discingit
1271 3263 1514 3332 pectora
1542 3254 1764 3333 limbo,
1844 3295 1849 3310 ‚
1960 3293 1965 3302 -

339 3336 506 3398 Haud
551 3336 758 3415 procul
791 3335 1137 3401 Herculeam
1177 3337 1441 3398 Nemeen
1483 3338 1741 3402 clamore
1770 3339 2056 3401 :reductus
2150 3343 2155 3350 '

326 3417 642 3500 Adspicit,
685 3427 860 3502 atque
899 3420 1026 3483 illic
1057 3422 1269 3501 ingens
1307 3425 1634 3485 certaminis
1672 3426 1852 3487 instar
1916 3463 1921 3476 ·
2056 3447 2061 3464 ·
