<?xml version="1.0" encoding="UTF-8"?>
<!DOCTYPE html PUBLIC "-//W3C//DTD XHTML 1.0 Transitional//EN"
    "http://www.w3.org/TR/xhtml1/DTD/xhtml1-transitional.dtd">
<html xmlns="http://www.w3.org/1999/xhtml" xml:lang="en" lang="en">
 <head>
  <title>
</title>
<meta http-equiv="Content-Type" content="text/html;charset=utf-8" />
  <meta name='ocr-system' content='tesseract 3.04.00' />
  <meta name='ocr-capabilities' content='ocr_page ocr_carea ocr_par ocr_line ocrx_word'/>
</head>
<body>
  <div class='ocr_page' id='page_1' title='image "./ppapiniusstatiu00placgoog_0290.png"; bbox 0 0 2517 3909; ppageno 0'>
   <div class='ocr_carea' id='block_1_1' title="bbox 369 156 1685 221">
    <p class='ocr_par' dir='ltr' id='par_1_1' title="bbox 369 156 1685 221">
     <span class='ocr_line' id='line_1_1' title="bbox 369 156 1685 221; baseline -0.002 0"><span class='ocrx_word' id='word_1_1' title='bbox 369 156 451 221; x_wconf 77' lang='lat'><strong>20</strong></span> <span class='ocrx_word' id='word_1_2' title='bbox 1033 167 1096 219; x_wconf 70' lang='lat'><strong>1³.</strong></span> <span class='ocrx_word' id='word_1_3' title='bbox 1143 165 1412 219; x_wconf 70' lang='lat' dir='ltr'><strong>mmm</strong></span> <span class='ocrx_word' id='word_1_4' title='bbox 1452 165 1685 221; x_wconf 70' lang='lat' dir='ltr'><strong>s‘rA&#39;ru</strong></span> 
     </span>
    </p>
   </div>
   <div class='ocr_carea' id='block_1_2' title="bbox 364 322 2203 3547">
    <p class='ocr_par' dir='ltr' id='par_1_2' title="bbox 364 322 2072 2681">
     <span class='ocr_line' id='line_1_2' title="bbox 369 322 2048 409; baseline -0.002 -20"><span class='ocrx_word' id='word_1_5' title='bbox 369 328 558 390; x_wconf 87' lang='lat' dir='ltr'><strong>Fusus</strong></span> <span class='ocrx_word' id='word_1_6' title='bbox 600 326 774 388; x_wconf 77' lang='lat' dir='ltr'><strong>humo</strong></span> <span class='ocrx_word' id='word_1_7' title='bbox 815 322 1013 406; x_wconf 77' lang='lat' dir='ltr'><strong>gelida</strong></span> <span class='ocrx_word' id='word_1_8' title='bbox 1047 337 1272 409; x_wconf 81' lang='lat' dir='ltr'><strong>partem</strong></span> <span class='ocrx_word' id='word_1_9' title='bbox 1307 328 1471 408; x_wconf 83' lang='lat' dir='ltr'><strong>prior</strong></span> <span class='ocrx_word' id='word_1_10' title='bbox 1511 326 1733 407; x_wconf 75' lang='lat' dir='ltr'><strong>hospes</strong></span> <span class='ocrx_word' id='word_1_11' title='bbox 1774 325 2048 388; x_wconf 79' lang='lat' dir='ltr'><strong>habebat.</strong></span> 
     </span>
     <span class='ocr_line' id='line_1_3' title="bbox 368 411 1858 474; baseline -0.001 0"><span class='ocrx_word' id='word_1_12' title='bbox 368 412 479 474; x_wconf 84' lang='lat' dir='ltr'><strong>Hic</strong></span> <span class='ocrx_word' id='word_1_13' title='bbox 518 430 665 473; x_wconf 85' lang='lat' dir='ltr'><strong>vero</strong></span> <span class='ocrx_word' id='word_1_14' title='bbox 710 411 988 473; x_wconf 85' lang='lat' dir='ltr'><strong>ambobus</strong></span> <span class='ocrx_word' id='word_1_15' title='bbox 1029 413 1252 474; x_wconf 79' lang='lat' dir='ltr'><strong>rabiem</strong></span> <span class='ocrx_word' id='word_1_16' title='bbox 1290 411 1519 473; x_wconf 81' lang='lat' dir='ltr'><strong>fortuna</strong></span> <span class='ocrx_word' id='word_1_17' title='bbox 1563 421 1858 472; x_wconf 77' lang='lat' dir='ltr'><strong>cruentam</strong></span> 
     </span>
     <span class='ocr_line' id='line_1_4' title="bbox 369 496 1857 578; baseline -0.001 -20"><span class='ocrx_word' id='word_1_18' title='bbox 369 498 607 565; x_wconf 86' lang='lat' dir='ltr'><strong>Attulit;</strong></span> <span class='ocrx_word' id='word_1_19' title='bbox 653 497 804 558; x_wconf 71' lang='lat' dir='ltr'><strong>baud</strong></span> <span class='ocrx_word' id='word_1_20' title='bbox 843 499 1003 578; x_wconf 85' lang='lat' dir='ltr'><strong>passi</strong></span> <span class='ocrx_word' id='word_1_21' title='bbox 1047 499 1225 558; x_wconf 81' lang='lat' dir='ltr'><strong>sociis</strong></span> <span class='ocrx_word' id='word_1_22' title='bbox 1265 496 1585 559; x_wconf 75' lang='lat' dir='ltr'>defendere</span> <span class='ocrx_word' id='word_1_23' title='bbox 1625 506 1857 558; x_wconf 74' lang='lat' dir='ltr'><strong>noctem</strong></span> 
     </span>
     <span class='ocr_line' id='line_1_5' title="bbox 373 579 1966 662; baseline 0.001 -20"><span class='ocrx_word' id='word_1_24' title='bbox 373 580 754 660; x_wconf 85' lang='lat' dir='ltr'><strong>Culminibus,</strong></span> <span class='ocrx_word' id='word_1_25' title='bbox 799 582 1031 662; x_wconf 80' lang='lat' dir='ltr'><strong>paulum</strong></span> <span class='ocrx_word' id='word_1_26' title='bbox 1071 582 1312 643; x_wconf 81' lang='lat' dir='ltr'><strong>alternis</strong></span> <span class='ocrx_word' id='word_1_27' title='bbox 1352 584 1412 643; x_wconf 85' lang='lat' dir='ltr'><strong>in</strong></span> <span class='ocrx_word' id='word_1_28' title='bbox 1444 579 1628 643; x_wconf 75' lang='lat' dir='ltr'><strong>verba</strong></span> <span class='ocrx_word' id='word_1_29' title='bbox 1668 583 1966 662; x_wconf 77' lang='lat' dir='ltr'><strong>minasque</strong></span> 
     </span>
     <span class='ocr_line' id='line_1_6' title="bbox 371 666 1812 737; baseline 0 -10"><span class='ocrx_word' id='word_1_30' title='bbox 371 666 751 737; x_wconf 79' lang='lat' dir='ltr'><strong>Cunctantnr3</strong></span> <span class='ocrx_word' id='word_1_31' title='bbox 795 681 932 728; x_wconf 82' lang='lat' dir='ltr'><strong>mox</strong></span> <span class='ocrx_word' id='word_1_32' title='bbox 966 676 1032 729; x_wconf 79' lang='lat' dir='ltr'><strong>ut</strong></span> <span class='ocrx_word' id='word_1_33' title='bbox 1068 669 1239 728; x_wconf 80' lang='lat' dir='ltr'><strong>iactis</strong></span> <span class='ocrx_word' id='word_1_34' title='bbox 1283 666 1648 728; x_wconf 70' lang='lat' dir='ltr'>sermonibus</span> <span class='ocrx_word' id='word_1_35' title='bbox 1691 668 1812 727; x_wconf 84' lang='lat' dir='ltr'><strong>irae</strong></span> 
     </span>
     <span class='ocr_line' id='line_1_7' title="bbox 367 751 1833 831; baseline -0.002 -17"><span class='ocrx_word' id='word_1_36' title='bbox 367 751 693 814; x_wconf 83' lang='lat' dir='ltr'><strong>Intumuere</strong></span> <span class='ocrx_word' id='word_1_37' title='bbox 738 753 911 829; x_wconf 75' lang='lat' dir='ltr'><strong>satis,</strong></span> <span class='ocrx_word' id='word_1_38' title='bbox 957 762 1075 813; x_wconf 87' lang='lat' dir='ltr'><strong>tum</strong></span> <span class='ocrx_word' id='word_1_39' title='bbox 1113 763 1260 813; x_wconf 76' lang='lat' dir='ltr'><strong>vero</strong></span> <span class='ocrx_word' id='word_1_40' title='bbox 1308 762 1543 812; x_wconf 82' lang='lat' dir='ltr'><strong>erectus</strong></span> <span class='ocrx_word' id='word_1_41' title='bbox 1587 760 1833 831; x_wconf 85' lang='lat' dir='ltr'><strong>uterque</strong></span> 
     </span>
     <span class='ocr_line' id='line_1_8' title="bbox 364 835 1979 918; baseline -0.001 -21"><span class='ocrx_word' id='word_1_42' title='bbox 364 835 652 897; x_wconf 83' lang='lat' dir='ltr'><strong>Exertare</strong></span> <span class='ocrx_word' id='word_1_43' title='bbox 697 836 971 898; x_wconf 82' lang='lat' dir='ltr'>humeros</span> <span class='ocrx_word' id='word_1_44' title='bbox 1008 838 1334 918; x_wconf 83' lang='lat' dir='ltr'><strong>nudamque</strong></span> <span class='ocrx_word' id='word_1_45' title='bbox 1376 838 1675 898; x_wconf 75' lang='lat' dir='ltr'>lacessere</span> <span class='ocrx_word' id='word_1_46' title='bbox 1713 849 1979 916; x_wconf 81' lang='lat' dir='ltr'><strong>pugnam.</strong></span> 
     </span>
     <span class='ocr_line' id='line_1_9' title="bbox 369 920 1986 1003; baseline 0 -22"><span class='ocrx_word' id='word_1_47' title='bbox 369 920 604 982; x_wconf 83' lang='lat' dir='ltr'>Celsior</span> <span class='ocrx_word' id='word_1_48' title='bbox 643 922 746 982; x_wconf 87' lang='lat' dir='ltr'><strong>ilie</strong></span> <span class='ocrx_word' id='word_1_49' title='bbox 784 923 968 1001; x_wconf 80' lang='lat' dir='ltr'><strong>gradu</strong></span> <span class='ocrx_word' id='word_1_50' title='bbox 1008 935 1260 1003; x_wconf 78' lang='lat' dir='ltr'><strong>procera</strong></span> <span class='ocrx_word' id='word_1_51' title='bbox 1304 925 1363 983; x_wconf 89' lang='lat' dir='ltr'><strong>in</strong></span> <span class='ocrx_word' id='word_1_52' title='bbox 1403 922 1661 984; x_wconf 86' lang='lat' dir='ltr'><strong>membra</strong></span> <span class='ocrx_word' id='word_1_53' title='bbox 1704 922 1986 1001; x_wconf 82' lang='lat' dir='ltr'><strong>simulque</strong></span> 
     </span>
     <span class='ocr_line' id='line_1_10' title="bbox 366 1001 1817 1085; baseline -0.001 -18"><span class='ocrx_word' id='word_1_54' title='bbox 366 1006 606 1085; x_wconf 84' lang='lat' dir='ltr'><strong>Integer</strong></span> <span class='ocrx_word' id='word_1_55' title='bbox 649 1021 955 1084; x_wconf 84' lang='lat' dir='ltr'><strong>annorum,</strong></span> <span class='ocrx_word' id='word_1_56' title='bbox 999 1001 1107 1068; x_wconf 86' lang='lat' dir='ltr'><strong>sed</strong></span> <span class='ocrx_word' id='word_1_57' title='bbox 1154 1021 1271 1068; x_wconf 90' lang='lat' dir='ltr'><strong>non</strong></span> <span class='ocrx_word' id='word_1_58' title='bbox 1306 1016 1367 1069; x_wconf 85' lang='lat' dir='ltr'><strong>et</strong></span> <span class='ocrx_word' id='word_1_59' title='bbox 1405 1005 1626 1067; x_wconf 85' lang='lat' dir='ltr'><strong>viribus</strong></span> <span class='ocrx_word' id='word_1_60' title='bbox 1668 1006 1817 1067; x_wconf 77' lang='lat' dir='ltr'><strong>infra</strong></span> 
     </span>
     <span class='ocr_line' id='line_1_11' title="bbox 372 1090 1915 1172; baseline -0.001 -19"><span class='ocrx_word' id='word_1_61' title='bbox 372 1090 572 1168; x_wconf 74' lang='lat' dir='ltr'><strong>Tydea</strong></span> <span class='ocrx_word' id='word_1_62' title='bbox 614 1090 728 1152; x_wconf 84' lang='lat' dir='ltr'><strong>fert</strong></span> <span class='ocrx_word' id='word_1_63' title='bbox 771 1093 1022 1170; x_wconf 85' lang='lat' dir='ltr'><strong>animus,</strong></span> <span class='ocrx_word' id='word_1_64' title='bbox 1069 1101 1346 1172; x_wconf 80' lang='lat' dir='ltr'><strong>totosque</strong></span> <span class='ocrx_word' id='word_1_65' title='bbox 1381 1091 1568 1153; x_wconf 79' lang='lat' dir='ltr'><strong>infusa</strong></span> <span class='ocrx_word' id='word_1_66' title='bbox 1609 1105 1717 1172; x_wconf 87' lang='lat' dir='ltr'><strong>per</strong></span> <span class='ocrx_word' id='word_1_67' title='bbox 1754 1101 1915 1152; x_wconf 83' lang='lat' dir='ltr'><strong>artus</strong></span> 
     </span>
     <span class='ocr_line' id='line_1_12' title="bbox 366 1174 1771 1256; baseline -0.001 -19"><span class='ocrx_word' id='word_1_68' title='bbox 366 1174 554 1237; x_wconf 85' lang='lat' dir='ltr'><strong>Maior</strong></span> <span class='ocrx_word' id='word_1_69' title='bbox 595 1178 652 1236; x_wconf 89' lang='lat' dir='ltr'><strong>in</strong></span> <span class='ocrx_word' id='word_1_70' title='bbox 693 1178 908 1255; x_wconf 80' lang='lat' dir='ltr'><strong>exiguo</strong></span> <span class='ocrx_word' id='word_1_71' title='bbox 949 1176 1232 1255; x_wconf 78' lang='lat' dir='ltr'><strong>regnabat</strong></span> <span class='ocrx_word' id='word_1_72' title='bbox 1275 1189 1529 1256; x_wconf 85' lang='lat' dir='ltr'><strong>corpore</strong></span> <span class='ocrx_word' id='word_1_73' title='bbox 1571 1179 1771 1237; x_wconf 79' lang='lat' dir='ltr'><strong>virtus.</strong></span> 
     </span>
     <span class='ocr_line' id='line_1_13' title="bbox 366 1259 1963 1342; baseline 0 -21"><span class='ocrx_word' id='word_1_74' title='bbox 366 1259 489 1321; x_wconf 85' lang='lat' dir='ltr'><strong>Iam</strong></span> <span class='ocrx_word' id='word_1_75' title='bbox 529 1260 775 1321; x_wconf 87' lang='lat' dir='ltr'><strong>crebros</strong></span> <span class='ocrx_word' id='word_1_76' title='bbox 817 1262 964 1322; x_wconf 88' lang='lat' dir='ltr'><strong>ictus</strong></span> <span class='ocrx_word' id='word_1_77' title='bbox 1010 1279 1114 1323; x_wconf 84' lang='lat' dir='ltr'><strong>ora</strong></span> <span class='ocrx_word' id='word_1_78' title='bbox 1158 1265 1216 1322; x_wconf 76' lang='lat' dir='ltr'><strong>et</strong></span> <span class='ocrx_word' id='word_1_79' title='bbox 1254 1275 1399 1322; x_wconf 75' lang='lat' dir='ltr'><strong>cava</strong></span> <span class='ocrx_word' id='word_1_80' title='bbox 1435 1270 1702 1342; x_wconf 81' lang='lat' dir='ltr'><strong>tempora</strong></span> <span class='ocrx_word' id='word_1_81' title='bbox 1748 1259 1963 1321; x_wconf 84' lang='lat' dir='ltr'><strong>circum</strong></span> 
     </span>
     <span class='ocr_line' id='line_1_14' title="bbox 368 1343 1988 1424; baseline 0.001 -20"><span class='ocrx_word' id='word_1_82' title='bbox 368 1343 581 1405; x_wconf 85' lang='lat' dir='ltr'><strong>Obnixi</strong></span> <span class='ocrx_word' id='word_1_83' title='bbox 617 1347 996 1424; x_wconf 81' lang='lat' dir='ltr'><strong>ingeminant,</strong></span> <span class='ocrx_word' id='word_1_84' title='bbox 1041 1347 1293 1407; x_wconf 88' lang='lat' dir='ltr'><strong>telorum</strong></span> <span class='ocrx_word' id='word_1_85' title='bbox 1330 1355 1426 1407; x_wconf 80' lang='lat' dir='ltr'><strong>aut</strong></span> <span class='ocrx_word' id='word_1_86' title='bbox 1479 1346 1774 1424; x_wconf 78' lang='lat' dir='ltr'><strong>grandinis</strong></span> <span class='ocrx_word' id='word_1_87' title='bbox 1808 1347 1988 1407; x_wconf 85' lang='lat' dir='ltr'><strong>instar</strong></span> 
     </span>
     <span class='ocr_line' id='line_1_15' title="bbox 368 1428 1889 1512; baseline 0.001 -23"><span class='ocrx_word' id='word_1_88' title='bbox 368 1428 708 1509; x_wconf 84' lang='lat' dir='ltr'><strong>Rhipheae,</strong></span> <span class='ocrx_word' id='word_1_89' title='bbox 751 1431 1028 1512; x_wconf 87' lang='lat' dir='ltr'><strong>flexoque</strong></span> <span class='ocrx_word' id='word_1_90' title='bbox 1071 1447 1227 1511; x_wconf 85' lang='lat' dir='ltr'><strong>genu</strong></span> <span class='ocrx_word' id='word_1_91' title='bbox 1270 1443 1456 1492; x_wconf 82' lang='lat' dir='ltr'><strong>vacua</strong></span> <span class='ocrx_word' id='word_1_92' title='bbox 1495 1431 1591 1492; x_wconf 85' lang='lat' dir='ltr'><strong>ilia</strong></span> <span class='ocrx_word' id='word_1_93' title='bbox 1634 1431 1889 1492; x_wconf 88' lang='lat' dir='ltr'><strong>tundunt.</strong></span> 
     </span>
     <span class='ocr_line' id='line_1_16' title="bbox 364 1514 1824 1597; baseline 0.001 -23"><span class='ocrx_word' id='word_1_94' title='bbox 364 1514 499 1575; x_wconf 88' lang='lat' dir='ltr'><strong>Non</strong></span> <span class='ocrx_word' id='word_1_95' title='bbox 545 1515 714 1576; x_wconf 89' lang='lat' dir='ltr'><strong>aliter</strong></span> <span class='ocrx_word' id='word_1_96' title='bbox 753 1531 922 1597; x_wconf 75' lang='lat' dir='ltr'><strong>quam</strong></span> <span class='ocrx_word' id='word_1_97' title='bbox 962 1518 1173 1578; x_wconf 88' lang='lat' dir='ltr'><strong>Pisaeo</strong></span> <span class='ocrx_word' id='word_1_98' title='bbox 1218 1529 1323 1577; x_wconf 73' lang='lat' dir='ltr'><strong>sua</strong></span> <span class='ocrx_word' id='word_1_99' title='bbox 1363 1515 1543 1576; x_wconf 81' lang='lat' dir='ltr'><strong>lustra</strong></span> <span class='ocrx_word' id='word_1_100' title='bbox 1582 1515 1824 1576; x_wconf 76' lang='lat' dir='ltr'><strong>Tonanti</strong></span> 
     </span>
     <span class='ocr_line' id='line_1_17' title="bbox 371 1595 1981 1682; baseline -0.001 -22"><span class='ocrx_word' id='word_1_101' title='bbox 371 1598 559 1674; x_wconf 85' lang='lat' dir='ltr'><strong>Quum</strong></span> <span class='ocrx_word' id='word_1_102' title='bbox 600 1600 845 1663; x_wconf 87' lang='lat' dir='ltr'><strong>redeunt</strong></span> <span class='ocrx_word' id='word_1_103' title='bbox 885 1601 1195 1682; x_wconf 83' lang='lat' dir='ltr'><strong>crudisque</strong></span> <span class='ocrx_word' id='word_1_104' title='bbox 1238 1595 1424 1660; x_wconf 74' lang='lat' dir='ltr'><strong>virum</strong></span> <span class='ocrx_word' id='word_1_105' title='bbox 1464 1600 1777 1661; x_wconf 85' lang='lat' dir='ltr'><strong>sudoribus</strong></span> <span class='ocrx_word' id='word_1_106' title='bbox 1816 1599 1981 1660; x_wconf 83' lang='lat' dir='ltr'><strong>ardet</strong></span> 
     </span>
     <span class='ocr_line' id='line_1_18' title="bbox 366 1683 2072 1764; baseline 0 -20"><span class='ocrx_word' id='word_1_107' title='bbox 366 1683 599 1746; x_wconf 86' lang='lat' dir='ltr'><strong>Pulvis:</strong></span> <span class='ocrx_word' id='word_1_108' title='bbox 643 1694 701 1747; x_wconf 85' lang='lat' dir='ltr'><strong>at</strong></span> <span class='ocrx_word' id='word_1_109' title='bbox 746 1686 879 1746; x_wconf 86' lang='lat' dir='ltr'><strong>hinc</strong></span> <span class='ocrx_word' id='word_1_110' title='bbox 920 1695 1158 1747; x_wconf 82' lang='lat' dir='ltr'><strong>teneros</strong></span> <span class='ocrx_word' id='word_1_111' title='bbox 1202 1698 1421 1747; x_wconf 80' lang='lat' dir='ltr'><strong>caveae</strong></span> <span class='ocrx_word' id='word_1_112' title='bbox 1463 1686 1763 1747; x_wconf 77' lang='lat' dir='ltr'><strong>dissensus</strong></span> <span class='ocrx_word' id='word_1_113' title='bbox 1806 1685 2072 1764; x_wconf 79' lang='lat' dir='ltr'><strong>ephebos</strong></span> 
     </span>
     <span class='ocr_line' id='line_1_19' title="bbox 367 1768 2036 1852; baseline 0.001 -23"><span class='ocrx_word' id='word_1_114' title='bbox 367 1768 670 1847; x_wconf 74' lang='lat' dir='ltr'><strong>Concitet,</strong></span> <span class='ocrx_word' id='word_1_115' title='bbox 718 1771 1115 1852; x_wconf 84' lang='lat' dir='ltr'><strong>exclusaeque</strong></span> <span class='ocrx_word' id='word_1_116' title='bbox 1158 1779 1474 1850; x_wconf 81' lang='lat' dir='ltr'><strong>expectant</strong></span> <span class='ocrx_word' id='word_1_117' title='bbox 1514 1772 1771 1850; x_wconf 80' lang='lat' dir='ltr'><strong>praemia</strong></span> <span class='ocrx_word' id='word_1_118' title='bbox 1805 1778 2036 1831; x_wconf 83' lang='lat' dir='ltr'><strong>matres.</strong></span> 
     </span>
     <span class='ocr_line' id='line_1_20' title="bbox 369 1853 1791 1937; baseline -0.002 -20"><span class='ocrx_word' id='word_1_119' title='bbox 369 1855 472 1917; x_wconf 88' lang='lat' dir='ltr'><strong>Sic</strong></span> <span class='ocrx_word' id='word_1_120' title='bbox 517 1854 746 1916; x_wconf 76' lang='lat' dir='ltr'><strong>alacres</strong></span> <span class='ocrx_word' id='word_1_121' title='bbox 790 1856 927 1916; x_wconf 86' lang='lat' dir='ltr'><strong>odio</strong></span> <span class='ocrx_word' id='word_1_122' title='bbox 969 1856 1246 1937; x_wconf 86' lang='lat' dir='ltr'><strong>nullaque</strong></span> <span class='ocrx_word' id='word_1_123' title='bbox 1290 1853 1560 1935; x_wconf 86' lang='lat' dir='ltr'><strong>cupidine</strong></span> <span class='ocrx_word' id='word_1_124' title='bbox 1604 1855 1791 1917; x_wconf 83' lang='lat' dir='ltr'><strong>laudis</strong></span> 
     </span>
     <span class='ocr_line' id='line_1_21' title="bbox 368 1935 1901 2019; baseline 0 -21"><span class='ocrx_word' id='word_1_125' title='bbox 368 1938 629 2000; x_wconf 90' lang='lat' dir='ltr'><strong>Accensi</strong></span> <span class='ocrx_word' id='word_1_126' title='bbox 671 1940 995 2019; x_wconf 82' lang='lat' dir='ltr'><strong>incurrunt,</strong></span> <span class='ocrx_word' id='word_1_127' title='bbox 1041 1948 1330 2001; x_wconf 86' lang='lat' dir='ltr'><strong>scrutatur</strong></span> <span class='ocrx_word' id='word_1_128' title='bbox 1373 1949 1434 2000; x_wconf 85' lang='lat' dir='ltr'><strong>et</strong></span> <span class='ocrx_word' id='word_1_129' title='bbox 1475 1935 1667 2001; x_wconf 87' lang='lat' dir='ltr'><strong>intima</strong></span> <span class='ocrx_word' id='word_1_130' title='bbox 1706 1939 1901 2001; x_wconf 80' lang='lat' dir='ltr'><strong>vultus</strong></span> 
     </span>
     <span class='ocr_line' id='line_1_22' title="bbox 368 2022 2005 2106; baseline 0 -23"><span class='ocrx_word' id='word_1_131' title='bbox 368 2022 534 2085; x_wconf 87' lang='lat' dir='ltr'><strong>Unca</strong></span> <span class='ocrx_word' id='word_1_132' title='bbox 568 2042 769 2085; x_wconf 82' lang='lat' dir='ltr'><strong>manus</strong></span> <span class='ocrx_word' id='word_1_133' title='bbox 813 2027 1159 2106; x_wconf 82' lang='lat' dir='ltr'><strong>penitusque</strong></span> <span class='ocrx_word' id='word_1_134' title='bbox 1203 2025 1394 2087; x_wconf 85' lang='lat' dir='ltr'><strong>oculis</strong></span> <span class='ocrx_word' id='word_1_135' title='bbox 1433 2025 1777 2086; x_wconf 79' lang='lat' dir='ltr'><strong>cedentibus</strong></span> <span class='ocrx_word' id='word_1_136' title='bbox 1817 2026 2005 2085; x_wconf 85' lang='lat' dir='ltr'><strong>instat.</strong></span> 
     </span>
     <span class='ocr_line' id='line_1_23' title="bbox 368 2105 1834 2186; baseline 0.001 -18"><span class='ocrx_word' id='word_1_137' title='bbox 368 2105 597 2170; x_wconf 82' lang='lat' dir='ltr'><strong>Forsan</strong></span> <span class='ocrx_word' id='word_1_138' title='bbox 638 2118 698 2170; x_wconf 87' lang='lat' dir='ltr'><strong>et</strong></span> <span class='ocrx_word' id='word_1_139' title='bbox 738 2111 1035 2170; x_wconf 87' lang='lat' dir='ltr'><strong>accinctos</strong></span> <span class='ocrx_word' id='word_1_140' title='bbox 1079 2107 1281 2185; x_wconf 82' lang='lat' dir='ltr'><strong>lateri,</strong></span> <span class='ocrx_word' id='word_1_141' title='bbox 1327 2110 1414 2170; x_wconf 91' lang='lat' dir='ltr'><strong>sic</strong></span> <span class='ocrx_word' id='word_1_142' title='bbox 1455 2111 1540 2170; x_wconf 81' lang='lat' dir='ltr'><strong>ira</strong></span> <span class='ocrx_word' id='word_1_143' title='bbox 1584 2108 1834 2186; x_wconf 79' lang='lat' dir='ltr'><strong>ferebat,</strong></span> 
     </span>
     <span class='ocr_line' id='line_1_24' title="bbox 364 2189 1893 2275; baseline 0.001 -23"><span class='ocrx_word' id='word_1_144' title='bbox 364 2191 698 2255; x_wconf 86' lang='lat' dir='ltr'><strong>Nudassent</strong></span> <span class='ocrx_word' id='word_1_145' title='bbox 745 2211 952 2272; x_wconf 89' lang='lat' dir='ltr'><strong>enses,</strong></span> <span class='ocrx_word' id='word_1_146' title='bbox 998 2193 1328 2275; x_wconf 76' lang='lat' dir='ltr'><strong>meliusque</strong></span> <span class='ocrx_word' id='word_1_147' title='bbox 1368 2189 1678 2255; x_wconf 86' lang='lat' dir='ltr'><strong>hostilibus</strong></span> <span class='ocrx_word' id='word_1_148' title='bbox 1721 2196 1893 2256; x_wconf 79' lang='lat' dir='ltr'><strong>armis</strong></span> 
     </span>
     <span class='ocr_line' id='line_1_25' title="bbox 366 2273 1837 2357; baseline 0.001 -20"><span class='ocrx_word' id='word_1_149' title='bbox 366 2277 681 2356; x_wconf 83' lang='lat' dir='ltr'><strong>Lugendus</strong></span> <span class='ocrx_word' id='word_1_150' title='bbox 719 2273 914 2356; x_wconf 77' lang='lat' dir='ltr'><strong>fratri,</strong></span> <span class='ocrx_word' id='word_1_151' title='bbox 960 2281 1186 2340; x_wconf 84' lang='lat' dir='ltr'><strong>iuvenis</strong></span> <span class='ocrx_word' id='word_1_152' title='bbox 1229 2279 1544 2356; x_wconf 81' lang='lat' dir='ltr'><strong>Thebane,</strong></span> <span class='ocrx_word' id='word_1_153' title='bbox 1587 2280 1837 2357; x_wconf 82' lang='lat' dir='ltr'><strong>iaceres,</strong></span> 
     </span>
     <span class='ocr_line' id='line_1_26' title="bbox 368 2357 1946 2445; baseline 0.001 -24"><span class='ocrx_word' id='word_1_154' title='bbox 368 2360 444 2421; x_wconf 86' lang='lat' dir='ltr'><strong>Ni</strong></span> <span class='ocrx_word' id='word_1_155' title='bbox 485 2380 593 2423; x_wconf 88' lang='lat' dir='ltr'><strong>rex</strong></span> <span class='ocrx_word' id='word_1_156' title='bbox 630 2362 920 2423; x_wconf 89' lang='lat' dir='ltr'><strong>insolitum</strong></span> <span class='ocrx_word' id='word_1_157' title='bbox 963 2364 1281 2426; x_wconf 77' lang='lat' dir='ltr'><strong>clamorem</strong></span> <span class='ocrx_word' id='word_1_158' title='bbox 1321 2369 1380 2425; x_wconf 82' lang='lat' dir='ltr'><strong>et</strong></span> <span class='ocrx_word' id='word_1_159' title='bbox 1419 2372 1667 2445; x_wconf 81' lang='lat' dir='ltr'><strong>pectore</strong></span> <span class='ocrx_word' id='word_1_160' title='bbox 1709 2364 1782 2426; x_wconf 88' lang='lat' dir='ltr'><strong>ab</strong></span> <span class='ocrx_word' id='word_1_161' title='bbox 1827 2357 1946 2424; x_wconf 78' lang='lat' dir='ltr'><strong>alio</strong></span> 
     </span>
     <span class='ocr_line' id='line_1_27' title="bbox 371 2447 1902 2527; baseline 0.001 -21"><span class='ocrx_word' id='word_1_162' title='bbox 371 2447 697 2508; x_wconf 82' lang='lat' dir='ltr'><strong>Stridentes</strong></span> <span class='ocrx_word' id='word_1_163' title='bbox 731 2449 1011 2527; x_wconf 81' lang='lat' dir='ltr'><strong>gemitus,</strong></span> <span class='ocrx_word' id='word_1_164' title='bbox 1050 2451 1242 2511; x_wconf 85' lang='lat' dir='ltr'><strong>noctis</strong></span> <span class='ocrx_word' id='word_1_165' title='bbox 1290 2452 1526 2510; x_wconf 85' lang='lat' dir='ltr'><strong>miratus</strong></span> <span class='ocrx_word' id='word_1_166' title='bbox 1569 2451 1627 2510; x_wconf 87' lang='lat' dir='ltr'><strong>in</strong></span> <span class='ocrx_word' id='word_1_167' title='bbox 1671 2449 1902 2525; x_wconf 77' lang='lat' dir='ltr'><strong>umbris,</strong></span> 
     </span>
     <span class='ocr_line' id='line_1_28' title="bbox 368 2528 1810 2614; baseline 0.003 -24"><span class='ocrx_word' id='word_1_168' title='bbox 368 2528 655 2592; x_wconf 75' lang='lat' dir='ltr'><strong>Movisset</strong></span> <span class='ocrx_word' id='word_1_169' title='bbox 695 2547 974 2612; x_wconf 82' lang='lat' dir='ltr'><strong>gressus,</strong></span> <span class='ocrx_word' id='word_1_170' title='bbox 1018 2537 1241 2614; x_wconf 78' lang='lat' dir='ltr'><strong>magnis</strong></span> <span class='ocrx_word' id='word_1_171' title='bbox 1282 2537 1374 2596; x_wconf 86' lang='lat' dir='ltr'><strong>cui</strong></span> <span class='ocrx_word' id='word_1_172' title='bbox 1419 2533 1616 2595; x_wconf 83' lang='lat' dir='ltr'><strong>sobria</strong></span> <span class='ocrx_word' id='word_1_173' title='bbox 1652 2536 1810 2595; x_wconf 80' lang='lat' dir='ltr'><strong>curis</strong></span> 
     </span>
     <span class='ocr_line' id='line_1_29' title="bbox 368 2614 1747 2681; baseline 0.003 -7"><span class='ocrx_word' id='word_1_174' title='bbox 368 2614 669 2678; x_wconf 86' lang='lat' dir='ltr'><strong>Pendebat</strong></span> <span class='ocrx_word' id='word_1_175' title='bbox 710 2631 912 2680; x_wconf 88' lang='lat' dir='ltr'><strong>somno</strong></span> <span class='ocrx_word' id='word_1_176' title='bbox 955 2621 1068 2681; x_wconf 82' lang='lat' dir='ltr'><strong>iam</strong></span> <span class='ocrx_word' id='word_1_177' title='bbox 1113 2621 1408 2681; x_wconf 79' lang='lat' dir='ltr'><strong>deteriore</strong></span> <span class='ocrx_word' id='word_1_178' title='bbox 1452 2628 1747 2679; x_wconf 85' lang='lat' dir='ltr'><strong>senectus.</strong></span> 
     </span>
    </p>

    <p class='ocr_par' dir='ltr' id='par_1_3' title="bbox 369 2700 2203 3547">
     <span class='ocr_line' id='line_1_30' title="bbox 490 2700 2066 2785; baseline 0.001 -24"><span class='ocrx_word' id='word_1_179' title='bbox 490 2700 665 2781; x_wconf 84' lang='lat' dir='ltr'><strong>Isque</strong></span> <span class='ocrx_word' id='word_1_180' title='bbox 705 2702 804 2763; x_wconf 80' lang='lat' dir='ltr'><strong>ubi</strong></span> <span class='ocrx_word' id='word_1_181' title='bbox 846 2705 1231 2785; x_wconf 79' lang='lat' dir='ltr'><strong>progrediens</strong></span> <span class='ocrx_word' id='word_1_182' title='bbox 1272 2716 1580 2765; x_wconf 83' lang='lat' dir='ltr'><strong>numerosa</strong></span> <span class='ocrx_word' id='word_1_183' title='bbox 1624 2703 1758 2764; x_wconf 83' lang='lat' dir='ltr'><strong>luce</strong></span> <span class='ocrx_word' id='word_1_184' title='bbox 1803 2717 1910 2784; x_wconf 83' lang='lat' dir='ltr'><strong>per</strong></span> <span class='ocrx_word' id='word_1_185' title='bbox 1951 2704 2066 2766; x_wconf 80' lang='lat' dir='ltr'><strong>alta</strong></span> 
     </span>
     <span class='ocr_line' id='line_1_31' title="bbox 372 2784 1652 2850; baseline 0.003 -6"><span class='ocrx_word' id='word_1_186' title='bbox 372 2784 536 2847; x_wconf 84' lang='lat' dir='ltr'><strong>Atria</strong></span> <span class='ocrx_word' id='word_1_187' title='bbox 575 2786 806 2848; x_wconf 87' lang='lat' dir='ltr'><strong>dimotis</strong></span> <span class='ocrx_word' id='word_1_188' title='bbox 850 2785 1103 2850; x_wconf 85' lang='lat' dir='ltr'><strong>adverso</strong></span> <span class='ocrx_word' id='word_1_189' title='bbox 1146 2789 1340 2849; x_wconf 88' lang='lat' dir='ltr'><strong>limine</strong></span> <span class='ocrx_word' id='word_1_190' title='bbox 1385 2789 1652 2849; x_wconf 81' lang='lat' dir='ltr'><strong>claustris</strong></span> 
     </span>
     <span class='ocr_line' id='line_1_32' title="bbox 373 2869 1962 2954; baseline 0.002 -24"><span class='ocrx_word' id='word_1_191' title='bbox 373 2869 718 2944; x_wconf 85' lang='lat' dir='ltr'><strong>Terribilem</strong></span> <span class='ocrx_word' id='word_1_192' title='bbox 763 2871 917 2933; x_wconf 84' lang='lat' dir='ltr'><strong>dictu</strong></span> <span class='ocrx_word' id='word_1_193' title='bbox 959 2872 1206 2950; x_wconf 83' lang='lat' dir='ltr'><strong>faciem,</strong></span> <span class='ocrx_word' id='word_1_194' title='bbox 1253 2874 1453 2934; x_wconf 84' lang='lat' dir='ltr'><strong>lacera</strong></span> <span class='ocrx_word' id='word_1_195' title='bbox 1499 2888 1601 2934; x_wconf 87' lang='lat' dir='ltr'><strong>ora</strong></span> <span class='ocrx_word' id='word_1_196' title='bbox 1642 2882 1962 2954; x_wconf 83' lang='lat' dir='ltr'><strong>putresque</strong></span> 
     </span>
     <span class='ocr_line' id='line_1_33' title="bbox 371 2955 2122 3036; baseline 0 -20"><span class='ocrx_word' id='word_1_197' title='bbox 371 2955 707 3035; x_wconf 81' lang='lat' dir='ltr'><strong>Sanguineo</strong></span> <span class='ocrx_word' id='word_1_198' title='bbox 745 2956 908 3017; x_wconf 79' lang='lat' dir='ltr'><strong>videt</strong></span> <span class='ocrx_word' id='word_1_199' title='bbox 948 2955 1131 3017; x_wconf 87' lang='lat' dir='ltr'><strong>imbre</strong></span> <span class='ocrx_word' id='word_1_200' title='bbox 1176 2973 1390 3036; x_wconf 87' lang='lat' dir='ltr'><strong>genas:</strong></span> <span class='ocrx_word' id='word_1_201' title='bbox 1438 2957 1630 3033; x_wconf 74' lang='lat' dir='ltr'><strong>‘Quae</strong></span> <span class='ocrx_word' id='word_1_202' title='bbox 1668 2973 1843 3019; x_wconf 83' lang='lat' dir='ltr'><strong>causa</strong></span> <span class='ocrx_word' id='word_1_203' title='bbox 1886 2958 2122 3033; x_wconf 80' lang='lat' dir='ltr'><strong>furoris,</strong></span> 
     </span>
     <span class='ocr_line' id='line_1_34' title="bbox 370 3037 2128 3123; baseline 0.001 -24"><span class='ocrx_word' id='word_1_204' title='bbox 370 3038 618 3100; x_wconf 86' lang='lat' dir='ltr'><strong>Externi</strong></span> <span class='ocrx_word' id='word_1_205' title='bbox 659 3037 947 3102; x_wconf 81' lang='lat' dir='ltr'><strong>iuvenes?</strong></span> <span class='ocrx_word' id='word_1_206' title='bbox 989 3073 1073 3087; x_wconf 87' lang='lat'><strong>——·-</strong></span> <span class='ocrx_word' id='word_1_207' title='bbox 1109 3057 1303 3123; x_wconf 86' lang='lat' dir='ltr'><strong>neque</strong></span> <span class='ocrx_word' id='word_1_208' title='bbox 1341 3044 1491 3104; x_wconf 88' lang='lat' dir='ltr'><strong>enim</strong></span> <span class='ocrx_word' id='word_1_209' title='bbox 1531 3057 1695 3104; x_wconf 88' lang='lat' dir='ltr'><strong>meus</strong></span> <span class='ocrx_word' id='word_1_210' title='bbox 1739 3042 1947 3104; x_wconf 75' lang='lat' dir='ltr'><strong>audeat</strong></span> <span class='ocrx_word' id='word_1_211' title='bbox 1987 3044 2128 3103; x_wconf 88' lang='lat' dir='ltr'><strong>istas</strong></span> 
     </span>
     <span class='ocr_line' id='line_1_35' title="bbox 372 3122 2176 3208; baseline 0.001 -24"><span class='ocrx_word' id='word_1_212' title='bbox 372 3122 533 3184; x_wconf 84' lang='lat' dir='ltr'><strong>Civis</strong></span> <span class='ocrx_word' id='word_1_213' title='bbox 575 3127 632 3185; x_wconf 90' lang='lat' dir='ltr'><strong>in</strong></span> <span class='ocrx_word' id='word_1_214' title='bbox 666 3143 852 3205; x_wconf 90' lang='lat' dir='ltr'><strong>usque</strong></span> <span class='ocrx_word' id='word_1_215' title='bbox 894 3137 1129 3204; x_wconf 84' lang='lat' dir='ltr'><strong>manus,</strong></span> <span class='ocrx_word' id='word_1_216' title='bbox 1173 3159 1259 3175; x_wconf 74' lang='lat'><strong>--</strong></span> <span class='ocrx_word' id='word_1_217' title='bbox 1300 3130 1559 3207; x_wconf 81' lang='lat' dir='ltr'><strong>quisnam</strong></span> <span class='ocrx_word' id='word_1_218' title='bbox 1594 3127 1962 3208; x_wconf 83' lang='lat' dir='ltr'><strong>inplacabilis</strong></span> <span class='ocrx_word' id='word_1_219' title='bbox 2000 3127 2176 3189; x_wconf 70' lang='lat' dir='ltr'><strong>ardor</strong></span> 
     </span>
     <span class='ocr_line' id='line_1_36' title="bbox 369 3206 1788 3291; baseline 0.004 -24"><span class='ocrx_word' id='word_1_220' title='bbox 369 3206 701 3270; x_wconf 86' lang='lat' dir='ltr'><strong>Exturbare</strong></span> <span class='ocrx_word' id='word_1_221' title='bbox 743 3209 892 3270; x_wconf 82' lang='lat' dir='ltr'><strong>odiis</strong></span> <span class='ocrx_word' id='word_1_222' title='bbox 930 3212 1237 3291; x_wconf 76' lang='lat' dir='ltr'><strong>tranquilla</strong></span> <span class='ocrx_word' id='word_1_223' title='bbox 1282 3212 1510 3273; x_wconf 72' lang='lat' dir='ltr'><strong>silentia</strong></span> <span class='ocrx_word' id='word_1_224' title='bbox 1552 3207 1788 3274; x_wconf 77' lang='lat' dir='ltr'><strong>noctis?</strong></span> 
     </span>
     <span class='ocr_line' id='line_1_37' title="bbox 369 3291 1992 3378; baseline 0.004 -27"><span class='ocrx_word' id='word_1_225' title='bbox 369 3291 575 3373; x_wconf 89' lang='lat' dir='ltr'><strong>Usque</strong></span> <span class='ocrx_word' id='word_1_226' title='bbox 611 3293 838 3354; x_wconf 80' lang='lat' dir='ltr'><strong>adeone</strong></span> <span class='ocrx_word' id='word_1_227' title='bbox 879 3305 1123 3373; x_wconf 74' lang='lat' dir='ltr'><strong>ungusta</strong></span> <span class='ocrx_word' id='word_1_228' title='bbox 1165 3295 1296 3357; x_wconf 84' lang='lat' dir='ltr'><strong>dies</strong></span> <span class='ocrx_word' id='word_1_229' title='bbox 1340 3305 1403 3357; x_wconf 84' lang='lat' dir='ltr'><strong>et</strong></span> <span class='ocrx_word' id='word_1_230' title='bbox 1438 3295 1635 3374; x_wconf 84' lang='lat' dir='ltr'><strong>triste,</strong></span> <span class='ocrx_word' id='word_1_231' title='bbox 1681 3311 1992 3378; x_wconf 80' lang='lat' dir='ltr'><strong>parumper</strong></span> 
     </span>
     <span class='ocr_line' id='line_1_38' title="bbox 370 3373 2203 3463; baseline 0.005 -28"><span class='ocrx_word' id='word_1_232' title='bbox 370 3373 582 3436; x_wconf 80' lang='lat' dir='ltr'><strong>Pacem</strong></span> <span class='ocrx_word' id='word_1_233' title='bbox 627 3378 815 3439; x_wconf 84' lang='lat' dir='ltr'><strong>animo</strong></span> <span class='ocrx_word' id='word_1_234' title='bbox 856 3392 1235 3462; x_wconf 87' lang='lat' dir='ltr'><strong>somnumque</strong></span> <span class='ocrx_word' id='word_1_235' title='bbox 1280 3379 1441 3461; x_wconf 70' lang='lat' dir='ltr'><strong>pati?</strong></span> <span class='ocrx_word' id='word_1_236' title='bbox 1518 3383 1639 3443; x_wconf 83' lang='lat' dir='ltr'><strong>Sed</strong></span> <span class='ocrx_word' id='word_1_237' title='bbox 1682 3377 1913 3463; x_wconf 78' lang='lat' dir='ltr'><strong>prodite</strong></span> <span class='ocrx_word' id='word_1_238' title='bbox 1954 3381 2203 3459; x_wconf 78' lang='lat' dir='ltr'><strong>tandem,</strong></span> 
     </span>
     <span class='ocr_line' id='line_1_39' title="bbox 371 3459 2108 3547; baseline 0.005 -27"><span class='ocrx_word' id='word_1_239' title='bbox 371 3459 540 3522; x_wconf 88' lang='lat' dir='ltr'><strong>Unde</strong></span> <span class='ocrx_word' id='word_1_240' title='bbox 583 3463 724 3543; x_wconf 83' lang='lat' dir='ltr'><strong>orti,</strong></span> <span class='ocrx_word' id='word_1_241' title='bbox 770 3477 888 3544; x_wconf 81' lang='lat' dir='ltr'><strong>qno</strong></span> <span class='ocrx_word' id='word_1_242' title='bbox 924 3463 1089 3527; x_wconf 81' lang='lat' dir='ltr'><strong>fertis</strong></span> <span class='ocrx_word' id='word_1_243' title='bbox 1131 3468 1276 3545; x_wconf 85' lang='lat' dir='ltr'><strong>iter,</strong></span> <span class='ocrx_word' id='word_1_244' title='bbox 1323 3479 1474 3547; x_wconf 73' lang='lat' dir='ltr'><strong>qnae</strong></span> <span class='ocrx_word' id='word_1_245' title='bbox 1518 3466 1744 3547; x_wconf 77' lang='lat' dir='ltr'><strong>iurgia?</strong></span> <span class='ocrx_word' id='word_1_246' title='bbox 1812 3466 1953 3529; x_wconf 76' lang='lat' dir='ltr'><strong>Nam</strong></span> <span class='ocrx_word' id='word_1_247' title='bbox 1999 3481 2108 3529; x_wconf 79' lang='lat' dir='ltr'><strong>vos</strong></span> 
     </span>
    </p>
   </div>
   <div class='ocr_carea' id='block_1_3' title="bbox 2256 594 2365 648">
    <p class='ocr_par' dir='ltr' id='par_1_4' title="bbox 2256 594 2365 648">
     <span class='ocr_line' id='line_1_40' title="bbox 2256 594 2365 648; baseline -0.018 0"><span class='ocrx_word' id='word_1_248' title='bbox 2256 594 2365 648; x_wconf 82' lang='lat'><strong>410</strong></span> 
     </span>
    </p>
   </div>
   <div class='ocr_carea' id='block_1_4' title="bbox 2254 1017 2359 1072">
    <p class='ocr_par' dir='ltr' id='par_1_5' title="bbox 2254 1017 2359 1072">
     <span class='ocr_line' id='line_1_41' title="bbox 2254 1017 2359 1072; baseline 0 0"><span class='ocrx_word' id='word_1_249' title='bbox 2254 1017 2359 1072; x_wconf 76' lang='lat'><strong>415</strong></span> 
     </span>
    </p>
   </div>
   <div class='ocr_carea' id='block_1_5' title="bbox 2252 1443 2360 1497">
    <p class='ocr_par' dir='ltr' id='par_1_6' title="bbox 2252 1443 2360 1497">
     <span class='ocr_line' id='line_1_42' title="bbox 2252 1443 2360 1497; baseline 0.009 -1"><span class='ocrx_word' id='word_1_250' title='bbox 2252 1443 2360 1497; x_wconf 75' lang='lat'><strong>420</strong></span> 
     </span>
    </p>
   </div>
   <div class='ocr_carea' id='block_1_6' title="bbox 2256 1863 2360 1920">
    <p class='ocr_par' dir='ltr' id='par_1_7' title="bbox 2256 1863 2360 1920">
     <span class='ocr_line' id='line_1_43' title="bbox 2256 1863 2360 1920; baseline 0.019 -2"><span class='ocrx_word' id='word_1_251' title='bbox 2256 1863 2360 1920; x_wconf 77' lang='lat'><strong>42⁵</strong></span> 
     </span>
    </p>
   </div>
   <div class='ocr_carea' id='block_1_7' title="bbox 2255 2290 2363 2345">
    <p class='ocr_par' dir='ltr' id='par_1_8' title="bbox 2255 2290 2363 2345">
     <span class='ocr_line' id='line_1_44' title="bbox 2255 2290 2363 2345; baseline 0.009 -1"><span class='ocrx_word' id='word_1_252' title='bbox 2255 2290 2363 2345; x_wconf 81' lang='lat'><strong>430</strong></span> 
     </span>
    </p>
   </div>
   <div class='ocr_carea' id='block_1_8' title="bbox 2261 3136 2364 3192">
    <p class='ocr_par' dir='ltr' id='par_1_9' title="bbox 2261 3136 2364 3192">
     <span class='ocr_line' id='line_1_45' title="bbox 2261 3136 2364 3192; baseline 0 0"><span class='ocrx_word' id='word_1_253' title='bbox 2261 3136 2364 3192; x_wconf 71' lang='lat'><strong>440</strong></span> 
     </span>
    </p>
   </div>
   <div class='ocr_carea' id='block_1_9' title="bbox 2489 339 2491 810">
    <p class='ocr_par' dir='ltr' id='par_1_10' title="bbox 2489 339 2491 810">
     <span class='ocr_line' id='line_1_46' title="bbox 2489 339 2491 810; baseline 0 3099"><span class='ocrx_word' id='word_1_254' title='bbox 2489 339 2491 810; x_wconf 95' lang='lat' dir='ltr'><strong> </strong></span> 
     </span>
    </p>
   </div>
   <div class='ocr_carea' id='block_1_10' title="bbox 2493 1967 2497 2478">
    <p class='ocr_par' dir='ltr' id='par_1_11' title="bbox 2493 1967 2497 2478">
     <span class='ocr_line' id='line_1_47' title="bbox 2493 1967 2497 2478; baseline 0 0"><span class='ocrx_word' id='word_1_255' title='bbox 2493 1967 2497 2478; x_wconf 95' lang='lat' dir='ltr'><strong> </strong></span> 
     </span>
    </p>
   </div>
  </div>
 </body>
</html>
