2517 3909
201 125 333 197 112
496 104 511 118 “
937 130 999 189 Ρ.
1035 129 1313 186 ΡΑΡῙΝΠ
1349 129 1593 186 sTATn

521 273 687 341 Cum
730 278 805 340 tu
850 273 1090 341 sodalis
1137 273 1321 340 dulce
1363 274 1719 360 periculum
2279 293 2361 344 25

521 363 799 431 Conisus
846 363 1027 429 omni
1069 366 1333 447 pectore
1376 364 1656 448 tolleres,

627 452 721 520 Ut
765 451 1000 519 Castor
1044 452 1126 517 ad
1171 454 1439 518 cunctos
1482 454 1806 519 tremebat

733 541 1085 627 Bebryciae
1130 542 1411 626 crepitus
1454 542 1764 609 habenae.

518 735 695 804 Tene
738 738 810 803 in
852 737 1120 803 remotis
1167 732 1472 822 Syrtibus
1518 737 1666 804 auia

519 826 744 912 Leptis
789 825 1083 892 creauit?
1158 827 1290 892 iam
1336 825 1501 893 feret
1544 826 1803 894 Indicas
2278 846 2357 896 30

624 915 872 980 Messes
918 914 1332 1001 odoratisque
1376 938 1526 981 rara

733 1002 1052 1070 Cinnama
1094 1005 1445 1091 praeripiet
1488 1004 1773 1073 Sabaeis.

519 1201 678 1280 Quis
723 1222 857 1267 non
900 1201 973 1266 in
1017 1201 1197 1266 omni
1241 1201 1483 1268 uertice
1527 1201 1790 1268 Romuli

520 1290 837 1376 chtasse
882 1288 1135 1355 dulcem
1184 1287 1574 1375 Septimium
1617 1295 1849 1377 putet?

629 1378 787 1456 Quis
833 1378 1015 1444 fonte
1061 1378 1372 1444 Iuturnae
1417 1380 1663 1465 relictis
2279 1398 2356 1448 35

733 1467 1056 1536 Uberibus
1103 1472 1299 1554 neget
1344 1490 1482 1534 esse
1527 1468 1832 1554 pastum?

517 1662 655 1729 Nec
700 1664 868 1728 mira
911 1664 1147 1731 uirtus:
1191 1665 1490 1749 protinus
1536 1667 1875 1732 Ausonum

520 1751 759 1819 Portus
803 1752 1087 1819 uadosae
1131 1754 1390 1820 nescius
1435 1753 1698 1821 Africae

623 1842 841 1908 Intras
888 1843 1364 1929 adoptatusque
1411 1843 1638 1908 Tuscis

725 1930 1106 2017 Gurgitibus
1153 1955 1314 2018 puer
1358 1932 1689 1998 innatasti.
2276 1951 2356 2001 40

514 2107 687 2177 Hinc
732 2134 972 2197 paruus
1019 2113 1193 2176 inter
1238 2111 1515 2196 pignora
1560 2110 1773 2175 curiae

515 2199 876 2267 Contentus
920 2207 1097 2267 artae
1140 2199 1383 2265 lumine
1428 2221 1748 2284 purpurae

624 2288 893 2374 Crescis,
940 2290 1051 2356 sed
1095 2290 1445 2354 immensos
1491 2288 1746 2353 labores

729 2378 959 2445 Indole
1002 2378 1280 2464 patricia
1324 2380 1598 2442 secutus.

512 2555 667 2622 Non
713 2579 926 2623 sermo
970 2556 1248 2640 Poenus,
1295 2578 1428 2622 non
1473 2554 1737 2619 habitus
1782 2554 1925 2639 tibi,
2273 2572 2351 2623 45

513 2644 803 2712 Externa
846 2667 981 2711 non
1026 2668 1236 2711 mens:
1283 2644 1503 2729 ItaluS,
1546 2641 1772 2709 Italus.

623 2732 788 2800 Sunt
831 2735 991 2799 urbe
1035 2734 1477 2819 Romanisque
1520 2733 1771 2811 turmis,

729 2823 855 2901 Qui
898 2822 1176 2909 Libyam
1223 2824 1492 2889 deceant
1535 2820 1800 2888 alumni.

335 3111 407 3161 26
441 3105 679 3176 pelleres
715 3107 987 3163 Heinsius
1011 3107 1032 3176 ΙΙ
1060 3110 1127 3160 28
1165 3104 1436 3175 strepitus
1473 3105 1762 3173 (h)arenae
1799 3109 1835 3156 0
1864 3122 1915 3166 a.
1951 3119 2092 3159 corr.
2130 3103 2343 3162 Schra-

191 3176 355 3233 dcrus
378 3178 400 3247 ΙΙ
427 3183 496 3233 38
533 3176 758 3235 dolosae
797 3179 1007 3236 Markl.
1042 3179 1050 3247 Ι
1082 3175 1302 3233 nescius
1328 3176 1641 3231 Amantius.-
1677 3174 1891 3231 nesciet
1919 3180 1954 3227 0
1982 3193 2017 3228 a
2042 3176 2063 3245 ΙΙ
2089 3181 2162 3230 41
2191 3177 2347 3235 Hinc

194 3252 230 3303 ς
270 3265 327 3303 ιε
363 3248 469 3303 Hic
507 3254 543 3301 0
576 3251 583 3318 Ι
615 3253 771 3307 artae
806 3252 1203 3306 Burmannus.-
1236 3263 1339 3302 om.
1376 3246 1517 3301 Δ*0
1554 3249 1677 3302 arto
1709 3247 2140 3316 Two-mnu
2169 3249 2346 3305 turbe

193 3323 317 3444 cta,
352 3335 492 3376 corr.
532 3325 568 3376 ς
613 3324 634 3392 ΙΙ
678 3327 746 3378 48
785 3323 1021 3378 deceant
1057 3325 1117 3373 οε
1165 3318 1406 3374 doceant
1442 3323 1478 3374 ς
1516 3336 1550 3372 a
1594 3318 1861 3373 decorant
1898 3318 2142 3387 Markl„
2179 3327 2343 3390 recte,

191 3407 231 3444 u
285 3397 424 3462 puto
