2517 3909
828 108 1228 158 Tmamos
1268 109 1407 157 mn.
1445 109 1539 156 1v.
2117 97 2191 158 7.1

188 268 467 331 Indurata
510 265 605 329 diu
650 291 735 313 -ι-
772 282 891 327 non
925 283 1073 327 unus
1113 282 1360 343 namque
1403 262 1671 344 maniplis
2126 273 2197 329 65

186 353 361 430 Mos,
399 370 594 432 neque
624 350 857 429 sangnis
895 352 1048 412 inest
1078 383 1191 426 —‚
1225 358 1448 412 teretes
1484 368 1623 429 pars
1652 357 1887 411 vertere
1922 347 2155 430 fundasa.

187 438 438 499 Assueti
481 453 786 515 vacuoque
831 436 985 497 diem
1029 435 1420 514 praecingere
1459 451 1633 512 gyro·

189 523 335 603 Ipse
375 522 536 583 annis
582 521 954 600 sceptrisque
1001 518 1153 580 subit
1192 518 1549 582 venerabilis
1590 534 1802 596 aeque.

321 605 401 667 Ut
442 621 722 687 possessa
747 604 853 665 diu
890 614 1085 666 taurus
1127 613 1283 665 meat
1324 603 1535 665 arduus
1574 603 1723 663 inter

186 693 453 769 Pascua,
493 691 607 752 iam
651 688 783 751 laxa
827 690 1062 750 cervice
1107 697 1170 749 et
1207 687 1470 749 inanibus
1515 688 1711 762 armis,
2129 693 2196 749 70

192 777 337 837 Dux
378 785 598 844 tamem
645 773 796 835 haud
832 774 992 836 illum
1034 772 1196 835 bello
1240 781 1586 852 attemptare
1626 770 1887 831 iuvencis

192 864 345 923 Sunt
389 861 595 936 animi,
640 877 770 921 nam
813 868 1016 920 trunca
1053 858 1252 940 vident
1295 858 1369 919 de
1419 856 1660 918 vulnere
1702 854 1883 915 multo

193 944 433 1007 Cornua
472 954 534 1006 et
573 946 842 1022 ingentes
881 944 1183 1025 plagarum
1227 944 1286 1002 in
1325 951 1572 1022 pectore
1612 939 1820 1001 nodos.

322 1029 589 1091 Proxima
630 1028 923 1107 longaevo
965 1028 1193 1108 profert
1224 1026 1513 1088 Dircaeus
1553 1024 1809 1087 Adrasto

195 1117 382 1193 Signa
417 1132 636 1193 gener,
676 1115 767 1174 eui
812 1112 972 1176 bella
1006 1113 1235 1189 favent,
1282 1113 1375 1173 cui
1419 1110 1746 1172 commodat
1785 1109 1901 1170 iras
2130 1115 2200 1171 75

196 1197 427 1260 Cuncta
470 1198 715 1268 cohors:
759 1198 898 1260 huic
939 1208 1000 1259 et
1043 1197 1233 1277 patria
1275 1197 1350 1258 de
1394 1196 1540 1257 sede
1584 1193 1857 1255 volentes

193 1283 517 1346 Advenere
563 1284 702 1359 viri,
747 1301 854 1344 seu
897 1297 1045 1362 quos
1088 1290 1290 1343 movet
1334 1281 1504 1357 exul,
1549 1289 1608 1341 et
1648 1279 1840 1340 haesit

198 1368 492 1429 Tristibus
535 1377 704 1429 aucta
747 1367 927 1443 fides,
973 1384 1080 1426 seu
1124 1366 1253 1446 quis
1296 1374 1519 1427 mutare
1570 1371 1844 1444 potentes

195 1453 620 1532 Praecipuum,
661 1452 857 1528 multi,
898 1451 1107 1512 melior
1143 1468 1292 1530 quos
1337 1468 1515 1511 eausa
1551 1448 1817 1529 querenti

201 1536 516 1598 Conciliat.
579 1535 841 1597 Dederat
872 1554 986 1597 nec
1018 1553 1136 1596 non
1178 1553 1356 1596 socer
1400 1536 1528 1614 ipse
1570 1531 1864 1612 regendas
2130 1539 2203 1593 80

196 1623 437 1701 Aegion
471 1621 861 1700 Arenenque‚
907 1630 966 1682 et
1006 1639 1152 1701 quas
1193 1620 1447 1682 Theseia
1481 1619 1750 1680 Troezen

196 1707 382 1770 Addit
424 1723 605 1786 opes,
648 1724 723 1767 ne
768 1723 900 1766 rara
943 1722 1185 1766 movens
1230 1702 1514 1782 inglorius
1557 1704 1668 1764 iret

203 1792 489 1870 Agmina,
536 1809 649 1852 neu
691 1799 895 1870 raptos
938 1791 1162 1870 patriae
1207 1790 1459 1850 sentiret
1494 1789 1771 1849 honores.

332 1874 493 1937 Idem
513 1875 775 1952 habitus,
809 1875 1019 1936 eadem
1046 1892 1203 1936 arma
1232 1875 1393 1951 vire,
1434 1891 1585 1953 quae
1615 1872 1847 1944 debitus
1877 1873 2101 1953 hospes

200 1960 461 2021 Hiberna
506 1959 613 2020 sub
657 1968 834 2022 nocte
879 1959 1024 2021 tulit.
1116 1959 1498 2020 Theumesius
1540 1958 1722 2038 inplet
2131 1967 2203 2022 85

201 2045 402 2123 Terga
445 2044 579 2120 leo,
622 2045 855 2122 gemino
898 2044 1092 2106 lucent
1131 2044 1364 2106 hastilia
1396 2043 1583 2120 ferro,

204 2129 439 2209 Aspera
482 2128 757 2190 vulnifico
801 2129 1005 2191 subter
1047 2129 1197 2190 latus
1241 2147 1386 2189 ense
1425 2129 1579 2207 riget
1616 2127 1860 2208 Sphinx.

200 2213 327 2276 Iam
364 2232 610 2293 regnum
648 2215 963 2294 matrisque
1003 2215 1163 2274 sinus
1200 2213 1464 2293 fidasque
1508 2230 1749 2274 sorores

205 2300 330 2378 Spe
364 2299 636 2378 votisque
681 2307 879 2375 tenet,
920 2308 1113 2360 tamen
1148 2308 1207 2360 et
1249 2297 1325 2358 de
1362 2306 1521 2359 turre
1564 2315 1834 2378 suprema

204 2383 524 2444 Attonitam
566 2391 811 2462 totoque
855 2392 1147 2444 extantem
1189 2400 1446 2462 corpore
1482 2382 1660 2461 longe
2136 2392 2206 2446 90

204 2467 474 2547 Respicit
512 2465 763 2546 Argian:
805 2467 955 2529 haec
983 2476 1239 2528 mentem
1285 2467 1611 2545 oculosque
1652 2466 1879 2527 reducit

210 2551 492 2631 Coniugis
538 2561 599 2613 et
645 2552 850 2614 dulces
891 2554 1102 2614 avertit
1147 2561 1394 2631 pectore
1435 2550 1687 2611 Thebas.

339 2636 502 2697 Ecce
541 2638 690 2698 inter
730 2637 956 2699 medios
995 2637 1220 2716 patriae
1259 2636 1376 2696 ciet
1420 2636 1645 2713 agmina
1687 2635 1879 2713 gentis

206 2721 542 2782 Fulmineus
586 2720 850 2798 Tydeus;
896 2723 1007 2783 iam
1048 2721 1239 2783 laetus
1274 2730 1336 2781 et
1377 2720 1608 2798 integer
1647 2728 1827 2796 artus,

207 2805 286 2867 Ut
332 2806 575 2886 primum
611 2815 919 2885 strepuere
964 2806 1176 2882 tubae,
1223 2824 1333 2866 ceu
1376 2804 1634 2866 lubricus
1670 2805 1787 2865 alta
2136 2811 2207 2866 95

206 2892 435 2969 Anguis
478 2890 651 2953 humo
694 2891 862 2951 verni
904 2889 1115 2951 blanda
1159 2890 1234 2950 ad
1274 2890 1589 2969 spiramina
1632 2889 1776 2950 solis

207 2975 470 3054 Erigitur
508 2975 661 3036 liber
698 2976 903 3050 senio,
949 2983 1008 3036 et
1051 2973 1454 3053 squalentibus
1495 2974 1657 3034 annis

207 3059 435 3120 Exutus
479 3058 769 3139 laetisque
805 3060 998 3120 minax
1038 3060 1340 3122 interviret
1375 3058 1594 3120 herbis.

207 3144 307 3204 Ah
343 3144 545 3205 miser!
590 3153 886 3222 agrestum
929 3145 983 3205 si
1027 3145 1156 3223 quis
1198 3162 1311 3223 per
1350 3161 1594 3222 gramen
1632 3142 1809 3204 hianti

211 3226 435 3289 Obvius
482 3237 542 3290 et
579 3230 776 3308 prmo·
809 3230 1128 3290 siccaverit
1172 3246 1272 3289 ora
1313 3245 1562 3288 veneno.
2104 3235 2209 3292 loo

336 3312 481 3373 Huic
525 3331 758 3392 quoque
799 3322 1169 3393 praestantes
1217 3310 1452 3378 Aetolis
1487 3310 1726 3373 urbibus
1760 3308 1929 3370 affert

206 3396 362 3460 Belli
402 3395 556 3459 fama
591 3400 786 3470 viros;
830 3398 1011 3460 sensit
1046 3397 1364 3477 scopulosa
1407 3395 1624 3473 Pylene
