2517 3909
782 259 792 265 .
816 184 1163 243 EDITORIS
1198 182 1632 244 PRAEFATIO.
2177 192 2257 247 IX

217 331 577 435 archetypo
622 331 973 418 fluxerunt,
1032 333 1128 398 ita
1181 336 1404 399 tamen
1457 335 1534 399 ut
1586 343 1671 418 P,
1729 336 1839 420 qui
1897 336 2073 404 haud
2120 339 2253 405 scio

217 443 299 505 an
362 443 441 487 ex
505 422 650 525 ipso
713 422 1067 508 exemplari
1130 422 1421 526 principe
1482 423 1843 509 descriptus
1906 426 2018 509 sit,
2086 428 2256 495 fonti

215 512 548 577 communi
584 510 859 577 similior
904 511 1459 597 propinquiorque
1511 512 1889 580 iudicandus
1940 478 2257 602 vi'deatur,

213 610 318 667 Pc
367 603 589 667 autem
634 602 702 665 et
747 597 863 684 (3²,
920 602 1161 687 quippe
1207 602 1319 686 qui
1365 624 1444 668 ex
1489 603 1867 688 apographo
1915 606 2252 691 archetypi

214 712 350 756 non
394 691 587 774 plane
641 689 896 775 integro
945 690 1216 756 derivati
1262 713 1404 756 esse
1449 690 1818 776 videantur,
1872 714 2072 760 manu
2117 717 2254 762 cor·

213 780 487 845 rectoris
535 800 701 845 saec.
744 779 874 845 XII
917 780 1247 848 nonnullis
1294 780 1456 847 locis
1503 784 1570 845 et
1615 783 1901 865 suppleti
1945 787 2011 849 et
2055 784 2252 850 inter-

212 868 424 953 polati
470 869 621 935 sint.
714 867 1016 936 Ceterum
1059 891 1141 934 ne
1185 870 1260 934 in
1305 880 1360 936 P
1416 869 1676 955 quidem
1729 869 1971 938 indicia
2022 895 2254 939 manus

210 958 599 1042 posterioris
646 958 881 1025 aetatis
925 979 1192 1043 prorsus
1240 958 1488 1028 desunt.

395 1045 571 1113 cod„
598 1047 1072 1133 PuteaneuS,
1114 1046 1526 1114 Parisinus
1557 1049 1727 1116 8051
1752 1046 1864 1136 (P)
1895 1051 2249 1119 membran.

207 1136 348 1201 foll.
395 1137 509 1221 65,
564 1159 730 1203 saec.
777 1136 1025 1204 decimo
1079 1140 1412 1221 exaratuS,
1464 1138 1596 1202 iam
1642 1141 1717 1204 ut
1762 1161 1959 1223 supra
2003 1162 2243 1207 memo·

208 1226 504 1292 ravimus
552 1248 592 1291 a
634 1226 1118 1312 Lindenbrogio
1166 1226 1499 1293 adhibitus
1547 1231 1674 1312 est,
1719 1228 1832 1313 qui
1877 1250 2025 1295 eum
2068 1230 2251 1297 boni-

209 1317 353 1380 tate
400 1317 468 1380 et
512 1315 903 1401 antiquitate
948 1316 1213 1400 reliquis
1258 1320 1589 1401 praestare
1634 1338 1783 1382 cum
1828 1317 1974 1384 aliis
2031 1342 2110 1385 ex
2153 1342 2251 1386 re-

205 1404 333 1469 bus
398 1407 541 1470 tum
606 1425 685 1470 ex
750 1405 1228 1490 subscriptione
1292 1406 1652 1472 rectissime
1715 1407 2013 1493 coniecit,
2087 1431 2251 1494 quae

204 1494 277 1560 in
349 1494 477 1560 fine
547 1494 696 1560 libri
761 1496 977 1580 quarti
1051 1493 1419 1561 Thebaidos
1493 1498 1733 1562 exstat:
1807 1494 2061 1563 Codex
2123 1496 2245 1562 Iu-

203 1582 407 1648 liani
452 1580 569 1650 VO
632 1580 701 1669 (i.
757 1605 809 1649 e.
873 1583 995 1650 viri
1072 1581 1468 1671 clarissimi).
1574 1582 1878 1651 Codicem
1954 1587 2245 1653 omnium

204 1672 563 1749 maximam
607 1672 741 1775 vim
794 1676 989 1758 atque
1046 1674 1500 1740 auctoritatem
1560 1674 1802 1741 habere
1849 1697 1997 1741 cum
2040 1678 2250 1742 mani-

203 1760 450 1827 festum
515 1762 627 1848 sit,
698 1761 770 1827 in
831 1762 1218 1829 lectionibus
1283 1763 1420 1829 eius
1484 1763 1920 1830 describendis
1987 1765 2069 1830 ad
2131 1765 2250 1830 mi·

203 1851 432 1916 nutias
483 1851 588 1917 vel
652 1851 1193 1938 orthographicas
1239 1852 1633 1919 descendere
1696 1852 1871 1919 haud
1935 1854 2246 1940 dubitavi,

123 2015 130 2018 ἡ
205 1939 275 2005 id
339 1939 512 2024 quod
572 1941 658 2006 ab
720 1940 869 2025 ipsa
928 1941 1231 2008 editionis
1299 1942 1550 2008 ratione
1611 1941 1878 2028 paulum
1942 1907 2246 2010 discedat.

209 2027 531 2106 Quoniam
558 2039 613 2095 P
660 2030 1089 2098 certissimum
1126 2030 1356 2097 ducem
1393 2052 1463 2096 se
1497 2030 1824 2116 praebuit,
1867 2052 2000 2097 non
2036 2033 2248 2098 solum

205 2119 509 2184 omnibus
572 2118 735 2185 locis
802 2119 1035 2204 quibus
1110 2141 1256 2186 cum
1324 2120 1575 2187 duobus
1641 2119 1926 2186 eiusdem
1990 2122 2246 2207 generis

206 2207 537 2274 codicibus
584 2210 933 2288 consentit,
989 2209 1275 2312 exceptis
1321 2210 1688 2294 perpaucis,
1741 2209 2052 2276 lectiones
2108 2211 2245 2276 eius

201 2297 308 2362 vel
351 2297 566 2383 recepi
609 2298 713 2364 vel
760 2298 1163 2384 conservavi,
1218 2299 1332 2366 sed
1377 2298 1578 2365 etiam
1635 2299 1728 2364 eis
1783 2298 1978 2385 lociS,
2029 2299 2145 2366 ubi
2188 2311 2243 2367 P

203 2386 385 2452 solus
430 2387 765 2455 meliorem
809 2388 1158 2453 lectionem
1206 2388 1495 2475 exhibet,
1539 2389 1916 2473 plerumque
1963 2390 2241 2455 auctori-

201 2478 409 2542 tatem
454 2476 628 2542 illius
676 2480 934 2544 secutus
982 2498 1143 2543 sum.
1147 2473 1201 2563 3)

385 2562 556 2631 Cod.
633 2564 1033 2634 Parisinus
1126 2568 1340 2633 10317
1422 2564 1710 2653 (Suppl.
1789 2564 1990 2654 1670)
2059 2564 2241 2655 (Pc),

202 2674 398 2740 quem
464 2658 616 2722 ante
677 2677 784 2721 me
849 2656 1024 2742 quod
1088 2657 1290 2722 sciam
1344 2678 1536 2722 nemo
1601 2678 1891 2741 unquam
1939 2657 2242 2742 excussit,

198 2744 586 2829 membran,
631 2766 794 2811 saec.
843 2745 1117 2829 decimo,
1166 2749 1480 2829 quantum
1527 2744 1655 2810 mei
1699 2746 1923 2812 iudicii
1967 2751 2088 2831 est,
2132 2748 2237 2812 vel

197 2832 545 2899 undecimo
615 2838 945 2920 exaratus,
1016 2835 1311 2900 continet
1378 2835 1519 2901 foll.
1579 2834 1706 2901 182
1769 2835 2104 2902 Thebaida
2172 2840 2243 2901 et

197 2910 586 2988 Achilleida.
666 2885 945 2989 ’,Εαᾶθπι
969 2945 1204 2990 manus
1251 2945 1417 2990 saec.
1463 2923 1824 2991 duodecimi
1867 2925 1973 2990 vel
2017 2943 2236 2990 recen-

197 3011 389 3077 tioris
454 3011 719 3098 aetatis,
791 3033 957 3115 quae
1021 3035 1244 3080 versus
1304 3013 1456 3079 libri
1518 3013 1711 3098 primi
1774 3013 1992 3080 529-
2001 3014 2131 3079 662
2197 3036 2237 3079 a

194 3101 412 3185 prima
437 3122 637 3167 manu
684 3102 960 3168 omissos
987 3102 1320 3187 ascripsit,
1364 3102 1562 3181 finem
1607 3102 1759 3168 libri
1795 3102 2059 3170 secundi
2086 3102 2236 3169 inde

199 3211 240 3255 a
283 3212 481 3256 versu
532 3190 665 3257 150
711 3191 1054 3275 supplevit.
1151 3188 1278 3275 (Of.
1322 3190 1558 3257 Philol.
1581 3191 1888 3293 ‘XXXIII
1939 3191 2066 3257 130
2112 3190 2236 3278 sq.)

342 3403 398 3467 3)
437 3398 520 3457 Cf.
569 3417 714 3471 quae
763 3402 834 3458 de
882 3401 992 3459 hoc
1040 3400 1235 3459 codice
1283 3400 1598 3459 accuratius
1643 3400 1883 3457 disserui
1925 3400 1986 3457 in
2032 3401 2237 3460 Philol.

190 3472 433 3556 XXXII(
469 3491 525 3543 p.
563 3479 672 3529 474
708 3491 832 3544 sqq.
2319 3485 2325 3491 ·
