2517 3909
786 147 1184 200 mummos
1228 152 1369 201 Lm.
1415 152 1508 200 1v.
2055 146 2137 209 83

146 302 372 364 Dissilit
414 302 612 365 umbra
657 319 878 384 capax,
920 304 1221 386 silvaeque
1266 315 1327 368 'et
1364 308 1531 386 nigra
1568 318 1874 388 patescunt

143 386 436 466 Flumina,
479 388 730 450 liventes
772 386 1048 451 Acheron
1090 391 1565 456 eiecnt‘arenas.

142 471 416 534 Fumidus
457 482 580 534 atra
620 473 785 534 vadis
820 474 1183 553 Phlegethon
1221 476 1490 538 incendia
1531 477 1735 556 volvit,

137 556 216 618 Et
258 558 405 634 Styx
457 558 728 620 discretis
766 559 1027 622 interflua
1063 559 1325 622 Manibus
1366 560 1579 623 obstat.

134 640 334 722 Ipsum
373 642 686 722 pallentem
730 644 883 704 solio
928 646 1260 726 circumque
1303 646 1591 706 ministras
2024 662 2131 715 525

132 724 519 787 Funestorum
556 745 798 807 operum
828 727 1179 791 Eumenides
1222 731 1583 811 Stygiaeque
1621 750 1867 796 severos

132 811 372 872 Iunonis
412 811 692 873 thalamos
731 822 792 875 et
830 823 1055 876 moesta
1099 814 1311 876 cubilia
1349 832 1548 875 cerno.

130 895 203 958 In
238 896 501 976 speculis
540 895 701 958 Mors
735 907 857 960 atra
900 900 1069 961 sedet
1103 900 1466 979 dominisque
1509 899 1758 962 silentes

126 981 491 1042 Annumerat
529 982 809 1061 populos:
854 984 1039 1045 maior
1081 985 1475 1064 supereminet
1516 985 1682 1046 ordo.

128 1064 378 1128 Arbiter
418 1066 528 1126 hos
571 1067 711 1127 dura
746 1077 943 1128 versat
979 1067 1290 1145 Gortynius
1324 1086 1486 1146 urna,
2021 1084 2127 1138 530

125 1149 293 1211 Vera
332 1151 498 1210 minis
536 1163 824 1229 poscens,
873 1151 1167 1233 adigitque
1214 1170 1565 1233 expromere
1605 1154 1754 1215 vitas

122 1233 336 1313 Usque
378 1243 539 1295 retro
584 1245 644 1296 et
684 1237 914 1298 tandem
953 1254 1270 1317 poenarum
1303 1238 1463 1299 lucra
1513 1237 1703 1300 fateri.

123 1318 285 1393 Quid
322 1318 425 1380 tibi
466 1329 719 1381 monstra
762 1320 975 1398 Erebi,
1018 1324 1250 1399 Scyllas
1297 1332 1357 1383 et
1394 1324 1563 1383 inane
1601 1323 1862 1386 furentes

126 1400 492 1482 Centauros,
537 1405 846 1485 solidoque
888 1407 1099 1468 intorta
1137 1408 1440 1469 adamante
1481 1409 1776 1486 gigantum

122 1487 410 1566 Vincula,
458 1499 517 1550 et
559 1500 859 1569 angustam
906 1493 1133 1553 centeni
1171 1492 1508 1570 Aegaeonis
1545 1492 1845 1554 umbram?
2015 1507 2122 1561 535

262 1572 505 1651 ‘Immo,
542 1576 655 1653 ait,
702 1593 738 1636 o
775 1585 1011 1637 nostrae
1046 1577 1309 1654 regimen
1348 1579 1625 1657 viresque
1666 1589 1967 1658 senectae,

118 1656 217 1718 Ne
262 1657 497 1736 vulgata
540 1660 695 1720 mihi.
770 1660 913 1735 Quis
958 1661 1108 1720 enim
1144 1660 1463 1722 remeabile
1507 1680 1706 1724 saxum

119 1742 542 1822 Fallentesque
586 1743 752 1805 lacus
792 1744 1122 1825 Tytionque
1163 1745 1431 1806 alimenta
1474 1745 1777 1808 volucrum

117 1826 203 1886 Et
249 1826 593 1903 caligantem
638 1827 830 1908 longis
865 1829 1068 1891 Ixiona
1110 1831 1274 1908 gyris

118 1907 414 1971 Nesciat?
493 1910 628 1991 Ipse
671 1914 872 1989 etiam,
917 1914 1126 1995 melior
1166 1932 1339 1994 quum
1386 1914 1654 1992 sanguis,
1694 1926 1932 1994 opertas
2015 1931 2122 1984 540

118 1995 368 2074 Inspexi
404 1995 610 2074 sedes,
647 1996 870 2059 Hecate
911 1998 1194 2077 ducente,
1240 2000 1573 2079 priusquam

123 2078 335 2141 Obruit
378 2097 480 2141 ora
524 2081 667 2142 deus
711 2091 1005 2163 totamque
1048 2085 1106 2145 in
1147 2094 1391 2164 pectora
1430 2084 1622 2144 lucem

117 2164 366 2226 Detulit.
444 2163 757 2245 Argolicas
791 2168 975 2246 magis
1015 2168 1130 2230 huc
1172 2169 1409 2249 appelle
1448 2169 1747 2247 precando

122 2248 551 2330 Thebanasque
589 2252 834 2322 animas;
877 2251 1022 2316 alias
1062 2264 1330 2315 avertere
1373 2272 1616 2332 gressus

117 2334 303 2395 Lacte
346 2344 552 2413 quater
590 2354 830 2416 sparsas
867 2347 1212 2418 moestoque
1256 2338 1553 2399 excedere
1601 2338 1761 2416 luco,
2015 2350 2119 2406 545

117 2418 308 2496 Nata,
348 2419 521 2495 iube,
564 2429 684 2481 tum
724 2422 853 2502 quis
895 2423 1086 2485 vultus
1126 2423 1510 2502 habitusque,
1558 2424 1687 2503 quis
1728 2423 1907 2484 ardor

117 2504 430 2582 Sanguinis
464 2504 659 2583 affusi,
700 2523 850 2584 gens
883 2516 1006 2569 ntra
1042 2507 1353 2589 superbior
1389 2507 1563 2583 adsit,

117 2587 236 2649 Dic
277 2588 555 2667 agedum,
600 2600 971 2672 nostramque
1013 2609 1183 2653 move
1226 2609 1337 2670 per
1369 2590 1596 2668 singula
1638 2598 1916 2653 noctem?

250 2671 413 2736 Iussa
457 2674 599 2736 facit
641 2693 990 2755 carmenque
1034 2678 1206 2753 serit,
1252 2693 1370 2755 quo
1416 2674 1667 2755 dissipet
1706 2677 1957 2758 umbras,

119 2755 256 2831 Quo
301 2768 467 2838 regat
503 2769 562 2820 et
606 2777 870 2840 sparsas:
917 2761 1134 2840 qualis,
1178 2761 1228 2820 si
1274 2760 1510 2823 crimina
1554 2760 1773 2839 demas,
1951 2791 1955 2796 ·
2008 2775 2115 2829 550

124 2838 368 2904 Colchis
411 2852 472 2904 et
511 2845 716 2906 Aeaeo
758 2844 1076 2906 simulatrix
1119 2843 1523 2906 litore=Circe.

121 2924 285 2987 Tunc
327 2927 418 2990 his
460 2929 784 2991 sacrificum
823 2928 992 2990 dictis
1033 2928 1202 2991 affata
1246 2938 1580 3009 parentem:

250 3011 505 3074 ‘Primus
545 3014 865 3092 sanguineo
906 3012 1184 3075 submittit
1224 3015 1430 3075 inertia
1472 3012 1725 3076 Cadmus

120 3093 239 3157 Ora
281 3096 447 3175 lacu,
493 3099 767 3178 iuxtaque
806 3099 989 3160 virum
1031 3097 1347 3176 Cythereia
1370 3099 1617 3179 proles..

118 3178 319 3242 Effluit
356 3181 653 3243 amborum
693 3184 957 3262 geminus
1003 3183 1079 3245 de
1120 3185 1345 3246 vertice
1386 3201 1655 3266 serpens.
2003 3196 2109 3249 555

119 3263 479 3345 Terrigenae
524 3268 767 3330 comites
811 3268 977 3345 illos,
1021 3287 1170 3348 gens
1211 3267 1454 3346 Martia,
1499 3270 1752 3348 cingunt.

113 3348 220 3410 His
261 3352 394 3413 aevi
431 3370 698 3414 mensura
737 3353 895 3430 dies,
940 3370 1141 3416 manus
1181 3353 1367 3415 omnis
1407 3355 1463 3414 in
1507 3355 1704 3430 armis,

118 3432 313 3498 Omnis
352 3446 413 3498 et
458 3437 514 3497 in
552 3436 797 3517 capulo:
835 3438 1145 3519 prohibent
1180 3439 1528 3520 obstantque
1571 3447 1856 3584 'umgffue
