2517 3909
194 166 282 230 30
878 164 1257 222 P.PAP1N11
1293 164 1538 249 s‘sgATn

193 309 337 375 ‘Ille
375 331 495 395 ego
536 309 722 395 (quid
756 309 1044 392 trepidas
1055 308 1135 395 P),
1172 309 1469 394 genitum
1504 332 1698 394 quem
1735 311 1992 377 caerula
2020 314 2235 376 mater

192 398 427 465 Peneis
475 399 658 464 silvis
702 398 1092 482 nivibusque
1138 398 1416 463 immisit
1458 399 1764 464 alendum
2046 476 2052 479 Α
2124 414 2228 466 651

192 487 603 553 Thessalicis.
657 486 797 553 Nec
844 509 966 573 ego
1012 487 1133 552 hos
1182 488 1396 552 cultus
1444 491 1558 552 aut
1599 488 1790 553 foeda
1835 489 2156 554 subissem

192 576 534 662 Tegmina,
577 578 648 640 ni
693 577 905 660 primo
950 580 1016 640 te
1063 577 1205 642 visa
1250 576 1318 640 in
1365 576 1586 642 litore:
1632 577 1801 643 cessi

191 665 283 730 Te
329 669 598 750 propter
607 716 625 751 ,
669 666 795 731 tibi
839 686 1044 750 pensa
1089 687 1319 751 manu,
1364 665 1491 730 tibi
1535 666 1763 731 mollia
1810 670 1998 753 gesto

192 753 548 839 Tympana.
622 753 790 831 Quid
818 755 1014 819 defles
1043 775 1287 840 magno
1324 777 1524 820 nurus
1562 755 1785 821 addita
1817 755 2068 841 ponto?
2116 770 2251 822 655·

191 841 361 918 Quid
407 844 617 930 gemis
663 844 965 930 ingentes
1012 844 1194 908 caelo
1238 843 1534 926 paritura
1575 844 1895 929 nepotes?

189 929 317 997 Sed
361 937 550 1018 pater
592 955 709 995 —z
757 936 909 998 ante
954 932 1099 1016 igni
1142 932 1444 1018 ferroque
1491 933 1708 999 excisa
1753 934 1995 1000 iacebit

192 1020 431 1104 Scyros
480 1025 547 1086 et
591 1022 662 1086 in
706 1021 988 1087 tumidas
1035 1021 1227 1086 ibunt
1271 1021 1435 1087 haec
1479 1044 1670 1088 versa
1714 1023 2037 1106 procellas

189 1109 473 1195 Moenia,
519 1132 716 1196 quam
764 1132 957 1175 saevo
1004 1131 1152 1175 mea
1194 1115 1271 1176 tu
1314 1112 1593 1177 conubia
1635 1112 1881 1196 pendas

187 1198 466 1265 Funere:
511 1222 645 1266 non
693 1200 855 1265 adeo
901 1200 1297 1284 parebimus·
1324 1200 1543 1266 omnia
1589 1200 1831 1270 matri?
2119 1217 2226 1267 660

193 1288 423 1369 [Vade,
467 1291 576 1355 sed
615 1294 888 1372 ereptum
931 1289 1081 1354 celes
1127 1294 1443 1372 taceasque
1473 1287 1818 1375 pudorem]

368 1377 707 1462 Obstipuit
751 1378 952 1442 tantis
999 1378 1228 1463 regina
1273 1378 1584 1444 exterrita
1626 1378 1964 1463 monstriS,

190 1465 595 1552 Quamquam
642 1465 800 1531 olim
846 1470 1149 1550 suspecta
1193 1467 1352 1532 fides
1402 1472 1467 1531 et
1513 1467 1871 1532 comminus
1918 1467 2133 1551 ipsum

187 1555 471 1621 Horruit*
511 1559 577 1621 et
619 1554 820 1622 facies
866 1555 1145 1620 multum
1191 1560 1459 1621 mutata,
1490 1556 1776 1622 fatentis.

190 1643 360 1721 Quid
404 1644 646 1709 faciat?
695 1666 968 1709 casusne
1013 1666 1169 1709 suos
1213 1644 1385 1710 ferat
1431 1644 1576 1728 ipsa
1620 1644 1924 1728 parenti?
2116 1660 2224 1710 665

188 1731 397 1818 Seque
444 1734 639 1799 simul
685 1734 1106 1817 iuvenemque
1150 1738 1436 1819 premat,
1480 1734 1779 1800 fortassis
1827 1735 2092 1800 acerbas

185 1821 562 1888 Hausurum
604 1822 893 1907 poenas?
984 1821 1076 1887 Et
1121 1822 1330 1887 adhuc
1374 1823 1444 1887 in
1476 1823 1680 1908 ¹corde
1725 1823 2034 1889 manebat

184 1910 303 1975 Ille
351 1912 459 1976 diu
504 1912 813 1996 deceptus
851 1929 1071 1978 amor:
1109 1911 1281 1976 silet.
1306 1932 1503 1996 aegra
1546 1912 1912 1997 premitque

183 1999 326 2064 Iam
373 2022 712 2066 commune
756 2000 969 2084 nefas3
1016 2021 1213 2067 unam
1257 2000 1474 2083 placet
1519 2000 1752 2065 addere
1796 2000 1993 2065 furtis

184 2087 503 2154 Altricem
550 2091 824 2173 sociam,
877 2089 1178 2173 precibus
1224 2110 1392 2174 quae
1434 2088 1615 2155 victa
1659 2089 1934 2154 duorum
2114 2105 2220 2155 670

183 2177 452 2243 Adnuit.
540 2177 671 2243 Illa
716 2183 865 2244 astu
908 2178 1113 2243 tacito
1160 2182 1552 2262 raptumque
1597 2178 1911 2261 pudorem

186 2265 704 2352 Surgentemque
746 2271 998 2333 uterum
1037 2271 1233 2353 atque
1271 2272 1500 2352 aegros
1539 2267 1609 2332 in
1643 2267 1929 2351 pondere
1964 2289 2219 2333 menses

184 2354 510 2439 occuluit,
555 2357 769 2439 plenis
815 2357 1018 2423 donec
1065 2360 1242 2422 stata
1286 2360 1587 2441 tempora
1632 2356 1825 2422 metis

182 2444 432 2511 Attulit
478 2449 545 2509 et
585 2448 813 2530 partus
858 2446 1050 2512 index
1093 2445 1343 2511 Lucina
1386 2446 1674 2511 resolvit.

326 2679 432 2729 650
494 2671 748 2744 genitum
794 2680 936 2741 Apn
991 2673 1332 2729 Sem-aderas
1376 2673 1573 2743 genuit
1627 2678 1770 2727 ent
1809 2676 1830 2744 ΙΙ
1876 2679 1978 2729 651
2016 2673 2217 2730 Peneis

180 2750 250 2799 Pe
261 2743 331 2798 (³²
383 2745 715 2802 Paeneiouis
751 2751 792 2797 P
845 2746 1082 2801 Peneios
1117 2744 1383 2814 Leidspr
1385 2763 1506 2801 ..m
1560 2744 1775 2801 Peneos
1811 2764 1844 2813 p
1901 2745 2108 2801 Pelleis
2164 2750 2216 2798 Η

180 2815 422 2872 Peliacis
461 2818 577 2873 edd.
641 2816 841 2871 Nescio
878 2834 956 2871 απ
989 2761 1383 2872 scribendumpr
1370 2815 1445 2871 sit
1478 2816 1805 2872 Haemoniis
1843 2818 1960 2873 coll.
1998 2834 2082 2871 vv.
2120 2822 2213 2900 93:

179 2891 315 2943 229.
352 2889 479 2943 476.
522 2892 645 2945 627
677 2904 753 2957 sq.
809 2888 872 2942 id
906 2888 1053 2957 quod
1088 2888 1655 2958 cod.1>indenbr09ii
1690 2889 1903 2943 exhibet
1944 2889 1965 2957 ΙΙ
2011 2893 2114 2944 653
2152 2887 2214 2943 ni

181 2976 212 3014 e
248 2958 432 3028 primo
467 2961 527 3013 te
564 2959 686 3014 vias
722 2965 763 3011 P
789 2961 809 3029 n
836 2964 938 3014 656
977 2976 1166 3029 gemes
1200 2964 1241 3012 Ρ
1268 2960 1290 3028 ss
1318 2964 1418 3015 657
1460 2959 1571 3014 Sed
1597 2960 1762 3029 pater
1796 2990 1868 3001 —-
1903 2960 2051 3014 Ante
2093 2959 2215 3030 igni

180 3031 442 3086 distinxit
469 3047 590 3085 cum
607 3030 847 3084 Barthio
877 3031 1141 3086 Menkius
1161 3030 1275 3086 Sed
1302 3032 1463 3101 pater
1491 3031 1667 3086 ante
1651 3030 1788 3100 igni,
1809 3031 2069 3101 ferroque
2091 3033 2213 3087 edd.

191 3102 302 3158 Sed
348 3100 537 3172 patria
572 3107 616 3153 G
652 3101 811 3156 Laid.
841 3107 906 3157 ut
938 3104 1286 3158 scribendum
1302 3049 1559 3157 {emebat
1583 3102 1854 3158 Heinsius
1879 3104 1900 3172 fl
1929 3108 2031 3158 659
2068 3119 2208 3172 pen-

180 3174 282 3228 das
309 3174 753 3229 Sandstroemius
789 3190 912 3228 eum
947 3175 1064 3230 cod.
1086 3174 1492 3244 Lindenbroyii
1525 3173 1725 3243 perdas
1760 3178 1870 3227 ΔΜ
1895 3174 1916 3242 Η
1952 3180 2055 3229 661
2092 3190 2214 3229 ver-

178 3261 302 3299 sum
337 3246 596 3299 omittwnt
631 3235 845 3311 Pesspfl
881 3245 1039 3303 Laid.
1064 3263 1154 3315 pr.
1184 3263 1274 3312 m.,
1311 3246 1471 3300 wncis
1505 3246 1710 3300 inclusi
1734 3247 1755 3315 ΙΙ
1783 3251 1885 3301 673
1914 3243 2210 3315 plenisque

177 3320 218 3368 Ρ
244 3318 264 3386 ΙΙ
292 3321 398 3371 674
428 3315 676 3371 lem‘mi
702 3318 908 3373 cedices
935 3323 1096 3386 atque
1122 3287 1384 3372 editi’ones
1401 3321 1626 3385 praeter
1658 3316 2210 3386 Lindenbroyianam

180 3393 230 3442 et
268 3385 607 3442 Ormeanam
640 3388 754 3455 fere
790 3404 969 3443 omnes
1002 3390 1102 3443 hoc
1136 3403 1296 3443 versu
1332 3389 1535 3443 librum
1562 3388 1810 3457 primum
1845 3388 2080 3455 finiimt,
2125 3403 2211 3442 co-

179 3459 325 3514 dices
386 3459 593 3513 ‘novicii
637 3464 797 3528 atque
846 3460 1107 3515 editiones
1160 3459 1331 3515 Lind.
1398 3464 1449 3514 et
1514 3457 1671 3514 Orac.
1738 3460 1940 3514 librum
1994 3460 2214 3514 tertium
