2517 3909
812 148 1228 201 mannos.
1255 150 1393 200 ms.
1439 149 1514 199 11.
2079 133 2159 201 37

161 305 366 385 Teque
413 304 611 384 etiam,
655 304 890 384 infelix,
931 305 1275 388 perhibent,
1318 305 1584 383 Iocasta,
1627 305 1902 369 decorum

162 390 509 453 Possedisse
556 391 756 461 nefas3
795 391 988 452 vultus
1032 393 1144 453 hac
1181 392 1353 453 laude
1397 391 1661 468 colebas,
1850 411 1855 414 ²
2052 401 2156 460 295

160 475 288 537 Heu
331 474 577 555 quibus,
619 476 734 537 heu
779 476 1062 557 placitura
1099 477 1274 537 τοι-132
1322 479 1457 556 post
1499 476 1733 555 longior
1770 477 1949 548 ordin

165 561 326 622 Tunc
369 560 535 622 donis
577 561 762 639 Argia
804 562 947 622 uitet
986 563 1251 641 vilesque
1296 562 1518 622 sororis

162 645 413 707 Ornatus
456 663 626 708 sacro
672 646 972 725 praeculta
1015 647 1355 725 supervenit
1390 662 1555 709 auro.

284 729 530 791 Viderat
563 731 680 792 hoc
721 733 930 792 coniux
975 731 1218 812 perituri
1256 731 1406 791 vatis
1444 739 1508 791 et
1549 747 1678 791 aras

159 814 316 876 Ante
361 831 563 876 omnes
608 815 927 895 epulasque
964 825 1183 877 trucem
1221 813 1456 877 secreta
1496 815 1789 896 coquebat
1852 837 1857 846 ·
2052 827 2157 881 300

159 899 472 977 Invidiam,
515 902 709 962 saevis
753 900 919 961 detur
960 901 1011 961 si
1054 900 1281 980 quando
1324 900 1498 979 potiri

157 982 462 1061 Cultibus,
509 984 625 1046 heu
667 984 808 1047 nihil
853 985 1109 1064 auguriis
1150 985 1341 1046 adiuta
1389 985 1747 1065 propinquis.

156 1068 329 1143 Quos
372 1077 536 1149 optat
577 1071 856 1148 gemitus,
902 1079 1143 1149 quantas
1184 1070 1343 1149 cupit
1378 1070 1531 1150 inpia
1576 1070 1803 1132 clades!

151 1151 351 1232 Digna
389 1154 653 1233 quidem,
699 1153 804 1215 sed
850 1154 987 1235 quid
1022 1155 1219 1215 miseri
1264 1154 1522 1235 decepta
1554 1154 1742 1216 mariti

155 1237 372 1314 Arma,
418 1239 554 1318 quid
596 1237 855 1300 insontes
888 1239 1005 1299 nati
1046 1255 1314 1299 meruere
1358 1236 1635 1300 furores?
1890 1257 1897 1268 ·
2052 1247 2157 1303 305

288 1322 624 1402 Postquam·
645 1324 883 1402 regales
926 1323 1130 1402 epulas
1173 1333 1233 1383 et
1275 1322 1485 1400 gaudia
1528 1323 1687 1402 vulgi

155 1406 398 1467 Bisseui
443 1407 675 1468 clusere
711 1409 874 1485 dies,
914 1406 1196 1468 ismenias
1235 1408 1415 1469 heros
1616 1433 1621 1438 ·
1776 1425 1781 1432 ·

154 1490 487 1571 Respicere
531 1492 605 1552 ad
642 1492 878 1553 Thebas
918 1493 1145 1572 iamque
1191 1501 1252 1552 et
1289 1510 1394 1552 sua
1439 1510 1728 1572 quaerere
1770 1488 1972 1570 reg-nh.

156 1576 396 1656 Quippe
438 1577 681 1639 animum
724 1576 878 1637 subit
915 1576 1015 1639 illa
1058 1577 1218 1655 dies,
1266 1594 1409 1656 qua,
1454 1585 1616 1637 sorte
1654 1576 1904 1656 benigna

153 1657 417 1738 Fratris,
461 1660 744 1723 Echionia
784 1669 1026 1722 steterat
1069 1662 1327 1740 privatus
1365 1662 1423 1721 in
1463 1661 1620 1737 aula,
1670 1677 1677 1684 ·
2054 1672 2157 1726 310

154 1745 509 1826 Respiciens
552 1746 817 1808 descisse
858 1746 1004 1807 deos
1045 1745 1395 1826 trepidoque
1436 1746 1678 1807 tumultu

153 1830 438 1910 Dilapsos
476 1833 756 1909 comites,
796 1831 1004 1891 nudum
1048 1831 1198 1891 latus
1234 1827 1787 1910 omne'iugamque'

153 1911 473 1977 Fortunae.
551 1915 818 1996 Namque
856 1931 968 1976 una
1004 1932 1175 1976 soror
1216 1915 1545 1995 producere
1586 1916 1783 1976 tristes
1840 1913 1845 1920 '
1900 1929 1909 1942 '

154 1999 366 2061 Exulis
413 2018 553 2062 ansa
595 2003 753 2076 viae,
797 2000 965 2061 etiam
1005 2000 1155 2061 hanc
1193 2001 1249 2060 in
1292 2000 1485 2062 limine
1530 2002 1715 2080 primo
1790 2037 1797 2046 ·

156 2083 438 2165 Liquerat
475 2095 535 2147 et
571 2102 776 2163 magna
820 2085 1116 2146 lacrimas
1129 2085 1450 2146 incluserat
1488 2086 1594 2144 ira.
2054 2093 2155 2148 315

156 2167 324 2230 Tunc
369 2188 517 2249 quos
560 2170 859 2231 excedens
896 2168 1145 2247 hilares,
1192 2171 1320 2250 quis
1364 2169 1553 2230 cultus
1594 2170 1773 2249 iniqui

156 2252 515 2333 Praecipuus
549 2254 755 2333 ducis,
804 2263 863 2314 et
908 2253 1161 2334 profugo
1207 2271 1357 2335 quos
1392 2255 1521 2333 ipse
1565 2264 1795 2315 notarat

154 2336 524 2416 Ingemuisse
568 2338 709 2416 sibi,
752 2357 864 2420 per
904 2349 1139 2400 noctem
1184 2358 1255 2400 ac
1282 2339 1430 2400 luce
1475 2337 1583 2398 sub
1627 2341 1780 2399 omni

154 2421 418 2501 Digerit;
462 2422 719 2484 exedere
761 2425 1003 2485 animum
1037 2422 1208 2484 dolor
1250 2426 1451 2503 iraque
1493 2422 1754 2500 demens,

154 2506 272 2585 Et,
316 2525 428 2586 qua
472 2525 588 2569 non
630 2507 868 2586 gravior
902 2508 1241 2569 mortalibus
1285 2505 1474 2569 'addita
1518 2526 1701 2587 cura,
2053 2517 2156 2574 320

157 2593 352 2671 Spes,
390 2590 488 2652 ubi
531 2593 709 2671 longa
745 2594 920 2653 venit.
1005 2592 1205 2653 Talem
1249 2592 1357 2652 sub
1397 2600 1642 2671 pectore
1683 2592 1892 2655 nubem

155 2674 429 2737 Consilio
475 2677 721 2738 volvens
763 2677 1000 2738 Dircen
1025 2675 1342 2756 Cadmique
1383 2675 1627 2755 negatas

155 2760 427 2841 Apparat
463 2763 551 2822 ire
589 2762 813 2822 domos.
888 2759 1084 2822 Veluti
1120 2761 1240 2828 dux
1278 2770 1511 2840 taurus,
1555 2771 1742 2825 amata

154 2844 336 2906 Valle
382 2862 621 2924 carens,
665 2845 893 2925 pulsum
935 2846 1112 2907 solito
1150 2864 1319 2926 quem
1357 2847 1621 2926 gramine·
1651 2848 1840 2909 victor

157 2928 342 2991 lussit
384 2930 457 2991 ab
504 2940 709 3011 erepta
748 2930 929 3008 louge
967 2929 1192 3009 'mugire
1231 2932 1497 3010 iuvenca,
2051 2942 2155 2997 325

162 3013 357 3088 Quum
398 3014 650 3095 profugo
695 3015 976 3095 placuere
1017 3015 1129 3075 tori
1173 3018 1493 3097 cervixque
1537 3026 1811 3097 recepto·

160 3099 459 3176 Sanguine
494 3116 700 3179 magna
743 3097 894 3160 redit
935 3097 1274 3180 fractaeque
1321 3102 1377 3161 in
1414 3111 1659 3181 pectore
1691 3101 1878 3162 vires:

160 3182 332 3244 Bella
372 3185 531 3264 cupit
561 3183 873 3285 saltusque
908 3191 967 3243 et
1011 3194 1179 3263 capta
1223 3195 1478 3249 armenta
1520 3185 1803 3266 reposcit,

164 3267 286 3328 Iam
328 3266 511 3349 pede,
556 3269 671 3329 iam
715 3285 894 3328 cornu
936 3268 1178 3346 melior,
1219 3279 1398 3349 pavet
1437 3270 1566 3351 ipse
1603 3285 1904 3331 reversum

158 3350 400 3429 Victor,
450 3362 509 3412 et
550 3353 774 3413 attoniti
815 3354 915 3413 vix
957 3367 1257 3432 agnovere
1300 3356 1576 3433 magistri.
2051 3360 2157 3415 ³30

285 3434 417 3498 Νοιι
460 3437 604 3552 alias
643 3438 821 3499 tacita
862 3438 1085 3499 iuvenis
1128 3436 1510 3506 Thoumesius
1548 3441 1667 3501 iras
