2517 3909
993 209 1371 268 samium
1406 211 1469 267 L.
1508 211 1579 284 v,
1615 218 1666 269 e.

249 354 474 420 Lanea
517 354 623 421 cui
667 353 945 440 Phrygii
991 377 1178 422 coma
1219 356 1524 442 flaminis,
1568 360 1634 423 et
1677 361 1793 423 tua
1836 358 2114 424 multum

247 442 543 511 Uerbera
587 444 899 511 succincti
943 444 1373 514 formidauere
1416 444 1713 531 Luperci.

248 532 339 599 Et
383 555 559 599 nunc
605 555 685 599 ex
727 532 844 599 illo
887 534 1116 599 forsan
1157 555 1357 620 grege
1403 535 1709 621 gentibus
1754 535 1922 603 alter

246 620 401 688 Iura
446 621 562 687 dat
603 620 783 708 Eois,
829 624 997 689 alter
1041 623 1396 709 compescit
1439 622 1740 709 Hiberos,
2062 707 2069 712 ⁴

249 709 442 778 Alter
486 709 997 778 Achaemenium
1043 713 1316 778 secludit
1360 712 1711 800 Zeugmate
1756 713 2017 803 Persen,

248 799 339 866 Hi
384 801 554 866 dites
597 799 797 866 Asiae
841 801 1138 886 populos,
1180 802 1252 867 hi
1297 801 1572 869 Pontica
1613 803 1894 884 frenant,

248 888 339 955 Hi
376 890 524 955 fora
565 889 854 975 pacificis
902 890 1252 957 emendant
1296 890 1606 978 fascibus,
1649 892 1749 957 illi

253 977 487 1046 Castra
530 980 644 1063 pia
689 979 971 1046 statione
995 983 1250 1045 tenent:
1295 983 1370 1046 tu
1407 982 1616 1047 laudis
1652 983 1856 1068 origo.

248 1066 408 1134 Non
450 1067 576 1133 tibi
622 1072 986 1134 certassent
1028 1069 1342 1135 iuuenilia
1386 1071 1632 1157 fingere
1677 1072 1876 1137 corda

247 1155 493 1222 Nestor
538 1159 605 1222 et
647 1155 950 1224 indomiti
994 1156 1290 1224 Phoenix
1333 1160 1702 1226 moderator
1744 1160 1992 1228 alumni

251 1244 503 1331 Quique
550 1246 744 1312 tubas
790 1267 970 1313 acres
1017 1247 1347 1333 lituosque
1389 1249 1613 1314 audire
1658 1251 1991 1316 uolentem

251 1335 581 1401 Aeaciden
626 1336 757 1402 alio
801 1337 1154 1423 frangebat
1197 1337 1484 1404 carmine
1530 1335 1793 1406 Chiron.

249 1423 443 1489 Talia
488 1424 640 1490 dum
685 1426 991 1510 celebras,
1036 1427 1323 1493 subitam
1369 1427 1580 1493 ciuilis
1615 1426 1857 1513 Erinys

249 1512 534 1599 Tarpeio
579 1515 659 1579 de
705 1518 928 1581 monte
970 1516 1181 1582 facem
1225 1515 1712 1603 Phlegraeaque
1757 1518 1966 1584 mouit

247 1601 526 1670 Praelia.
618 1604 953 1691 sacrilegis
998 1606 1219 1672 lucent
1265 1602 1592 1691 Capitolia
1625 1607 1858 1692 taedis,

97 1683 110 1689 ⁶
248 1691 342 1757 Et
386 1690 716 1759 Senonum
760 1693 988 1760 furias'
1011 1691 1238 1760 Latiae
1275 1716 1608 1780 sumpsere
1644 1695 1963 1763 cohortes·

247 1781 380 1848 Uix
425 1781 678 1866 requies
724 1782 1027 1848 flammae
1072 1784 1351 1849 necdum
1394 1805 1596 1872 rogus
1649 1785 1761 1851 ille
1806 1785 2072 1851 deorum

253 1869 527 1956 Siderat,
573 1870 801 1937 excisis
849 1894 997 1937 cum
1041 1876 1116 1938 tu
1163 1872 1402 1939 solatia
1444 1872 1710 1959 templis

248 1958 541 2046 Impiger
587 1962 653 2026 et
696 1960 974 2027 multum
1017 1961 1271 2029 facibus
1315 1963 1599 2028 uelocior
1640 1961 1804 2048 ipsis

252 2046 561 2116 Concinis
609 2071 720 2115 ore
765 2050 874 2135 pio
920 2051 1306 2140 captiuaque
1341 2050 1618 2117 fulmina
1662 2051 1875 2118 defles.

247 2136 575 2204 Mirantur
619 2137 791 2204 Latii
834 2161 1136 2225 proceres
1172 2141 1474 2226 ultorque
1520 2141 1786 2207 deorum

249 2225 509 2312 Caesar,
555 2230 621 2292 et
664 2249 699 2293 e
745 2228 960 2296 medio
1005 2229 1227 2294 diuum
1272 2234 1463 2314 pater
1506 2231 1735 2298 annuit
1769 2230 1928 2317 igni.

245 2314 517 2400 Iamque
563 2320 629 2382 et
672 2316 827 2382 flere
872 2318 983 2403 pio
1027 2316 1323 2386 Uesuina
1365 2320 1671 2386 incendia
1712 2322 1909 2385 cantu

246 2404 439 2470 Mens
486 2407 627 2472 erat
674 2410 742 2471 et
785 2407 1099 2492 gemitum
1145 2408 1376 2493 patriis
1420 2409 1791 2496 impendere
1837 2408 2110 2495 damnis,

250 2491 417 2560 Cum
461 2497 648 2579 pater
689 2499 1061 2581 exemptum
1104 2497 1300 2563 terris
1347 2497 1429 2563 ad
1474 2498 1686 2564 sidera
1729 2502 2020 2564 montem

250 2582 534 2649 Sustulit
579 2586 645 2650 et
687 2584 823 2650 late
866 2586 1140 2651 miseras
1187 2587 1421 2652 deiecit
1464 2587 1536 2652 in
1580 2588 1789 2653 urbes.

246 2672 356 2739 Me
403 2694 656 2758 quoque
700 2675 961 2740 uocales
1005 2675 1188 2741 lucos
1233 2674 1609 2761 Boeotaque
1652 2681 1873 2762 tempe

244 2760 648 2848 Pulsantem,
693 2783 839 2828 cum
885 2764 1087 2849 stirpe
1133 2768 1250 2829 tua
1286 2765 1670 2832 descendere
1707 2766 1856 2850 dixi,

249 2850 589 2917 Admisere
635 2851 820 2939 deae3
861 2874 982 2920 nec
1028 2853 1203 2920 enim
1249 2854 1378 2920 sibi
1424 2854 1638 2920 sidera
1680 2858 1936 2921 tantum

2261 184 2389 277 149

2285 551 2387 604 186

2286 998 2389 1049 190

2289 1442 2392 1494 196

2284 1887 2391 1940 200

2285 2334 2391 2385 205

2286 2781 2392 2831 210

394 3121 496 3173 183
536 3115 648 3173 Cur
681 3115 839 3188 frigii
872 3118 1053 3173 lateat
1089 3133 1251 3173 coma
1289 3123 1325 3169 0
1362 3136 1422 3187 a,
1459 3134 1598 3176 corr.
1636 3122 1924 3177 Auantius
1949 3123 1969 3192 11
1999 3126 2099 3177 187
2138 3122 2391 3177 zeumate

246 3193 282 3244 0
320 3206 355 3241 a
382 3190 403 3259 n
434 3193 534 3244 197
579 3188 731 3244 tedis
770 3193 806 3244 ς
845 3207 904 3244 az
943 3189 1132 3244 rhedis
1170 3191 1253 3260 ΟΕ
1284 3195 1385 3244 199
1423 3190 1653 3245 deorum
1691 3197 1754 3247 σε
1800 3193 2037 3247 duorum
2075 3197 2111 3248 ς
2151 3210 2185 3246 a
2224 3194 2244 3263 ΙΙ
2284 3197 2388 3247 202

245 3257 511 3330 concipis
540 3260 754 3316 Markl.
782 3261 804 3330 Β
830 3266 935 3317 205
971 3259 1245 3315 uesuuina
1265 3266 1301 3312 0
1340 3278 1374 3314 a
1398 3261 1419 3330 fl
1445 3267 1550 3317 207
1579 3266 1828 3319 montem
1852 3268 1925 3318 A:
1962 3265 2154 3320 monte
2174 3269 2210 3315 0
2237 3266 2256 3334 ΙΙ
2283 3269 2387 3318 209

242 3330 573 3401 Boeotaque
616 3332 846 3401 scripsi.-
890 3332 1159 3402 luotaque
1203 3330 1284 3384 A*
1329 3332 1596 3403 inotaque
1641 3337 1730 3389 uel
1764 3334 2000 3406 lutaque
2045 3340 2081 3387 0
2127 3335 2389 3391 lustrata-

244 3401 538 3472 queDom.
566 3403 716 3474 11211
756 3401 867 3458 sibi
901 3405 1130 3474 scripsi.-
1163 3402 1309 3457 mihi
1345 3408 1382 3455 c
1418 3421 1453 3456 a
1486 3403 1629 3459 mihi
1667 3423 1708 3461 s.
1744 3407 1892 3462 tanti
1927 3408 1993 3461 A.
2032 3422 2079 3462 e.
2117 3409 2178 3476 t.,
2218 3420 2389 3474 quam

241 3490 347 3530 uos
383 3473 608 3545 debere,
644 3491 701 3544 p.
741 3474 954 3530 Markl.
