2517 3909
363 104 486 165 210
1024 116 1089 165 P.
1143 115 1417 165 Pffnm
1452 115 1694 167 swaoeu

364 271 629 341 Obtinet;
673 270 916 333 interius
953 280 1167 333 tectum
1207 272 1268 332 ia
1308 271 1707 353 penetralibus
1748 270 1881 332 altis
2450 300 2453 325 ι

363 358 441 418 Et
485 374 615 418 cum
654 354 844 417 Morte
889 356 1074 434 iacet,
1126 357 1386 438 nullique
1428 375 1501 418 ea
1540 357 1721 419 tristis
1760 356 2005 435 image}
2273 369 2365 422 105

363 442 502 522 Ipse
544 449 769 518 autem,
815 456 1037 502 vacuas
1077 443 1266 519 curis,
1310 441 1602 504 bumentia
1645 441 1848 503 subter
2450 452 2451 467 ¹

365 527 548 587 Antra
595 525 929 605 soporifero
974 528 1221 606 stipatos
1261 527 1410 588 flore
1451 535 1685 606 tapetas

364 609 636 680 Incubat;
683 609 954 672 exhalant
990 620 1191 672 vestes
1237 620 1297 672 et
1342 628 1597 691 corpore
1641 609 1812 690 pigro

365 699 560 757 Strata
598 695 822 772 calent,
867 712 1164 775 supraque
1204 705 1396 757 terum
1428 696 1600 774 niger
1640 693 1802 755 efflat
1835 693 2052 757 anbelo

368 779 488 841 Ore
527 797 743 860 vapor;
785 797 988 842 manas
1022 778 1172 842 baec
1210 780 1379 842 fusos
1421 799 1456 841 a
1493 790 1762 859 tempore
1802 778 1976 840 laevo
2280 795 2369 847 llo

367 868 664 928 Sustentat
707 866 934 941 crines,
977 863 1129 926 baec
1170 883 1353 926 cornu
1392 864 1576 926 oblita
1616 864 1855 925 remisit.

370 949 620 1030 [Adsunt
661 950 957 1010 innumero
1001 950 1217 1010 circum
1249 962 1407 1027 vaga
1449 948 1672 1010 somnia
1709 947 1891 1024 vultu,

367 1035 528 1096 Vera
568 1034 738 1095 simul
777 1034 943 1094 falsis
986 1035 1388 1115 permixtaque
1430 1034 1617 1095 tristia
1654 1032 1900 1093 blandis.

367 1117 575 1180 Noctis
616 1135 802 1199 opaca
844 1118 1061 1180 cohors
1099 1118 1481 1199 trabibusque
1520 1126 1618 1180 aut
1657 1115 1925 1196 postibus
1966 1115 2244 1195 baereat,

371 1204 490 1264 Aut
531 1203 743 1265 tellure
788 1204 1013 1273 iacent;
1058 1205 1284 1279 tenuis,
1328 1204 1429 1282 qui
1473 1202 1677 1263 circuit
1720 1201 1929 1278 milam,
2275 1216 2365 1269 115

368 1288 778 1367 Invalidasque
820 1288 972 1348 nitor
1015 1288 1353 1367 primosque
1392 1287 1683 1348 hortantia
1724 1303 1960 1348 somnos

368 1372 665 1450 Languida
702 1371 992 1433 succiduis
1033 1373 1304 1449 expirant
1325 1372 1552 1433 ‚lumina
1596 1371 1881 1450 flammis]

494 1455 621 1517 Huc
659 1475 727 1516 se
766 1455 1044 1518 caeruleo
1084 1456 1315 1517 libravit
1358 1456 1432 1518 ab
1472 1456 1714 1518 aethere
1758 1456 1924 1533 ‘virgo

367 1540 680 1618 Discolor,
724 1540 1007 1618 effulgent
1042 1541 1261 1618 silvae,
1305 1540 1742 1620 tenebrosaque
1782 1538 2007 1619 Tempe

366 1625 642 1687 Arrisere
680 1625 865 1702 deae,
907 1634 969 1686 et
1005 1627 1174 1687 zonis
1216 1625 1543 1688 lucentibus
1584 1627 1702 1686 icta
2278 1635 2370 1688 lm

370 1708 627 1788 Evigilat
667 1710 899 1779 domum
943 1711 1077 1790 ipse
1115 1718 1310 1771 autem
1348 1728 1464 1771 uec
1508 1707 1777 1787 lampade
1819 1707 1996 1785 clara,
2452 1702 2453 1777 ἶ

369 1792 499 1857 Nec
537 1795 759 1871 souitu,
801 1811 1110 1865 uecvoce
1151 1795 1303 1857 deae
1342 1793 1650 1874 perculsas
1689 1793 1898 1854 eodem
2452 1800 2453 1803 ’

371 1879 538 1942 llore
580 1880 768 1956 iacet,
816 1878 1007 1940 donec
1045 1878 1246 1941 radios
1286 1879 1688 1943 Thaumantias
1728 1895 1932 1938 omnes

372 1964 586 2044 Inpulit
622 1966 798 2043 iuqne
838 1963 1045 2026 oeulos
1085 1965 1318 2043 penitus
1360 1962 1665 2034 descendit
1704 1963 1942 2024 martes.

375 2049 536 2111 Tunc
581 2050 669 2109 sic
711 2067 848 2110 orsa
890 2049 1056 2128 loqui
1092 2047 1412 2109 nimborum
1451 2047 1611 2109 fulva
1647 2048 1933 2109 creatrix:
2272 2056 2363 2111 125

501 2134 802 2196 ‘Sidonios
842 2142 903 2194 te
945 2133 1088 2195 quo
1127 2132 1342 2210 duces,
1385 2132 1686 2193 mitissime
1729 2132 1921 2192 divum
2450 2152 2451 2189 ι

376 2222 626 2295 Somne,
669 2216 831 2279 iubet
873 2219 1270 2298 populumque
1306 2218 1489 2278 trucis
1533 2215 1799 2293 defigere
1838 2213 2062 2293 Cadmi,

376 2303 490 2379 Qui
534 2321 684 2365 nunc
727 2311 937 2365 eventu
978 2302 1121 2363 belli
1164 2303 1511 2364 tumefactus
1543 2299 1845 2361 Achaeum

373 2388 632 2467 Pervigil
674 2396 940 2450 asservat
981 2387 1196 2449 vallum
1235 2396 1299 2448 et
1333 2396 1431 2448 tua
1471 2387 1631 2447 iussa
1666 2393 1922 2446 recusat.

373 2472 465 2534 Da
501 2471 777 2553 precibus
811 2471 1016 2549 tantis,
1066 2506 1142 2518 ——
1177 2489 1312 2534 rara
1340 2480 1432 2533 est
1455 2470 1572 2532 hoc
1600 2486 1783 2549 posse
1812 2468 2092 2547 facultas,
2142 2505 2216 2515 —
2273 2477 2361 2534 130
2397 2548 2404 2555 ¹
2448 2472 2449 2557 J

373 2557 785 2637 Placatumque
829 2556 1030 2618 Iovem
1065 2557 1273 2618 dextra
1305 2555 1527 2617 Iunone
1560 2558 1839 2616 merere?

2450 660 2453 733 i

501 2640 691 2719 Dixit,
747 2650 809 2702 et
846 2642 1202 2722 increpitans
1235 2640 1567 2718 languentia
1606 2645 1851 2718 pectora
1891 2637 2120 2715 dextra,

374 2723 466 2786 Ne
502 2728 748 2806 pereant
781 2743 999 2804 voces,
1043 2728 1368 2804 iterumque
1409 2727 1734 2803 iterumque
1772 2721 2069 2786 monebat.

375 2811 485 2872 Ille
527 2810 676 2873 deae
715 2812 891 2872 iussis
934 2810 1166 2871 dubium
1204 2812 1560 2890 mixtumque
1603 2809 1809 2889 sopori

377 2897 619 2965 Annuit;
666 2894 900 2956 excedit
934 2895 1170 2972 gravior
1208 2894 1567 2973 nigrantibus
1613 2893 1794 2955 antris
2272 2900 2354 2955 1ae
2446 2950 2447 2957 ,

376 2980 488 3042 Iris
531 2990 592 3042 et
632 2978 898 3041 obtusum
939 2980 1117 3040 multo
1161 2979 1328 3040 iubar
1368 2978 1587 3041 excitat
1627 2977 1812 3039 imbri.
2446 2992 2447 3029 3

377 3064 515 3144 Ipse
558 3081 794 3144 quoque
833 3071 893 3123 et
930 3064 1233 3125 volucrem
1267 3081 1537 3141 gressum
1579 3071 1640 3123 et
1676 3069 1924 3123 ventosa
1963 3062 2162 3123 citavit

377 3149 671 3229 Tempora
691 3194 709 3225 ,
755 3157 816 3209 et
854 3147 1090 3209 obscuri
1132 3149 1415 3210 sinuatam
1456 3148 1683 3225 frigore
1720 3146 1879 3209 coeli

377 3232 631 3312 Inplevit
667 3232 1059 3309 chlamydem,
1101 3233 1397 3310 tacitoque
1438 3249 1547 3312 per
1588 3232 1830 3293 aethera
1874 3240 2047 3293 cursu

377 3315 588 3377 Fertur
625 3326 687 3376 et
721 3317 927 3377 Aoniis
967 3317 1146 3394 longe
1185 3318 1383 3394 gravis
1425 3316 1662 3377 inminet
1703 3317 1875 3379 arvis.
2265 3317 2349 3374 14⁰

381 3398 542 3460 Illius
577 3418 716 3461 aura
765 3401 900 3462 solo
940 3401 1213 3463 volucres
1260 3399 1645 3480 pecudesque
1686 3400 1960 3479 ferasque
