2517 3909
316 120 439 183 202
983 132 1047 180 P.
1093 128 1362 180 PAPINII
1404 126 1637 181 s‘rA'rn

313 291 547 370 Aspera
589 288 926 367 tergeminis
963 288 1125 350 acies
1169 302 1237 349 se
1283 286 1542 349 condidit
1582 287 1766 348 uncis.
2213 295 2318 350 750

311 376 424 438 Ille
466 373 703 437 trahens
741 373 916 434 oculo
957 372 1191 452 plenam
1234 373 1467 434 labente
1503 373 1769 450 sagittam

313 461 445 522 Ibat
480 461 538 520 in
580 468 912 527 auctorem;
957 458 1064 518 sed
1101 458 1293 518 divum
1330 458 1504 518 fortia
1546 456 1681 536 quid
1724 472 1842 517 non

316 544 459 607 Tela
502 540 756 623 queant?
800 543 916 604 alio
958 544 1311 621 geminatum
1349 542 1560 602 lumine
1599 541 1809 602 vulnus

314 629 593 709 Explevit
633 628 940 697 tenebras3
988 629 1250 706 seqnitur
1279 636 1473 688 tamen
1517 627 1797 705 inprobus
1832 627 2083 703 hostem,

319 715 447 789 Qua
489 714 775 790 meminit,
819 713 1009 773 fusum
1048 712 1239 772 donec
1280 711 1589 791 prolapsus
1627 711 1686 771 in
1723 710 1881 773 Idam
2213 720 2316 776 755

318 798 580 867 Decidit;
624 798 720 859 hic
764 798 926 857 saevi
968 797 1147 857 miser
1179 798 1332 857 inter
1362 797 1567 856 funera
1600 794 1742 856 belli

315 883 565 963 Palpitat
605 891 666 944 et
698 890 944 943 mortem
988 882 1306 961 sociosque
1342 881 1665 960 hostesque
1704 890 1996 960 precatur.

444 966 622 1028 Addit
660 966 1049 1043 AbantiadaS,
1097 966 1382 1045 insignem
1426 965 1680 1025 crinibus
1721 965 1943 1044 Argum

318 1051 395 1114 Et
435 1052 587 1112 male
622 1051 892 1112 dilectum
933 1053 1181 1133 miserae
1220 1049 1463 1128 Cydona
1505 1051 1714 1110 sorori.

317 1138 412 1199 Illi
450 1137 780 1217 perfossum
821 1136 943 1196 telo
983 1136 1350 1215 patefecerat
1390 1137 1625 1213 inguen,
2214 1143 2319 1198 760

318 1223 467 1285 Huic
503 1222 791 1299 geminum
836 1219 1070 1299 obliqua
1114 1221 1345 1280 traiecit
1388 1219 1665 1281 arundine
1708 1228 1955 1297 tempuS.

320 1306 527 1369 Extitit
566 1307 677 1367 hac
720 1306 970 1382 ferrum,
1011 1304 1191 1366 velox
1230 1305 1344 1366 hac
1387 1321 1578 1383 penna
1617 1304 1913 1381 remansit,

319 1392 518 1454 Fluxit
555 1391 839 1469 utrimque
884 1404 1087 1459 cruor;
1128 1390 1273 1450 nulli
1312 1390 1432 1450 tela
1476 1406 1688 1468 aspera
1728 1391 1928 1448 mortis

318 1478 474 1538 Dant
516 1475 773 1551 veniam,
818 1490 934 1534 non
966 1474 1151 1534 forma
1193 1473 1462 1551 Lamum,
1504 1491 1622 1534 non
1659 1473 1838 1534 infula
1877 1471 2162 1551 Lygdum,

320 1560 454 1622 Non
493 1558 889 1639 pubescentes
936 1567 1207 1619 texerunt
1248 1558 1483 1621 Aeolon
1526 1559 1677 1619 anni.
2217 1562 2320 1622 763

319 1644 546 1723 Figitur
589 1661 692 1704 ora
729 1641 967 1720 Lamus,
1013 1642 1116 1703 flet
1158 1644 1387 1703 saucius
1432 1645 1663 1721 inguina
1700 1641 1955 1720 Lygdus,

320 1729 654 1797 Perfossam
692 1728 815 1789 telo
855 1729 1081 1788 niveam
1121 1728 1344 1805 gemis,
1386 1726 1619 1803 Aeolo,
1663 1727 1934 1787 frontem.

321 1812 407 1874 Te
450 1830 742 1894 praeceps
786 1810 1033 1873 Euboea
1074 1812 1233 1888 tulit,
1277 1819 1336 1872 te
1385 1810 1629 1872 candida
1664 1810 1878 1871 Thisbe

320 1898 592 1975 Miserat,
637 1897 789 1957 hunc
830 1897 1050 1957 virides
1092 1914 1209 1956 non
1249 1896 1560 1974 excipietis
1603 1892 1902 1971 Amyclae.

447 1982 769 2063 Numquam
808 1999 977 2042 cassa
1014 1998 1247 2057 manuS,
1284 1981 1503 2041 nullum
1537 1981 1664 2041 sine
1700 1980 1944 2040 vulnere
1980 1980 2134 2059 fugit
2215 1986 2317 2044 770

320 2068 579 2145 Missile,
622 2085 735 2126 nec
778 2066 1016 2145 requies
1060 2066 1339 2142 dextrae,
1386 2066 1750 2143 sonitumque
1793 2065 1976 2144 priori

321 2154 510 2230 Iungit
552 2151 767 2212 arundo
808 2168 1083 2229 sequens.
1161 2149 1346 2210 Unum
1385 2151 1513 2229 quis
1553 2149 1824 2210 crederet
1861 2167 2080 2226 arcum,

322 2238 441 2298 Aut
480 2254 648 2297 unam
691 2236 920 2296 saevire
963 2231 1233 2295 manum?
1274 2235 1447 2295 modo
1493 2235 1688 2312 dirigit
1729 2235 1899 2311 ictus,

321 2321 487 2383 Nunc
527 2321 712 2381 latere
753 2321 979 2382 alterno
1024 2318 1230 2379 dubius
1275 2321 1576 2381 conamina
1617 2327 1812 2396 mutat,

321 2406 489 2467 Nunc
524 2406 671 2483 fugit
714 2406 993 2465 instantes
1038 2412 1121 2548 et«,i
1137 2403 1278 2464 solo·
1306 2405 1551 2484 respicit
1592 2422 1751 2464 arcu.
2217 2408 2313 2464 775

448 2490 523 2551 Et
561 2491 674 2551 iam
714 2491 986 2550 mirantes
1025 2488 1082 2549 in
1123 2490 1507 2569 ignantesque
1551 2488 1783 2550 coibant

320 2575 719 2651 Labdacidae,
766 2576 1104 2654 primusque
1146 2573 1306 2634 lovis
1343 2573 1416 2634 de
1458 2574 1738 2651 sanguine
1783 2571 1944 2632 claro

322 2658 615 2739 Amphion
657 2660 891 2736 ignarus
934 2659 1153 2735 adhuc,
1199 2675 1349 2737 quae
1394 2659 1599 2719 funera
1643 2658 1863 2736 campis

320 2745 430 2806 Ille
474 2742 668 2804 daret:
716 2742 1019 2818 ‘Quonam
1062 2760 1246 2822 usque
1286 2760 1506 2803 moram
1544 2740 1852 2802 lucrabere
1896 2741 2021 2818 fati,

325 2827 374 2889 Ο
415 2828 652 2889 multum
689 2831 929 2890 meritos
974 2845 1121 2907 puer
1161 2826 1435 2888 orbature
1479 2821 1800 2906 parentes?
2214 2832 2308 2889 780

323 2913 476 2989 Quin
518 2914 689 2975 etiam
729 2914 905 2974 menti
947 2922 1138 2973 tumor
1180 2922 1355 2991 atque
1400 2912 1641 2973 audacia
1681 2911 1900 2989 gliscit,

324 2997 694 3077 Congressus
737 2997 868 3058 dum
905 3012 1077 3056 nemo
1119 3006 1250 3057 tuos
1296 3013 1664 3076 pugnamque
1706 2997 1989 3055 minorem

323 3082 604 3162 Dignatur
643 3082 819 3143 bellis
863 3082 1119 3161 iramque
1161 3081 1511 3160 relinqueris
1550 3080 1717 3141 infra.

327 3168 379 3244 1,
424 3177 633 3247 repete
677 3166 987 3226 Arcadiam
1028 3166 1357 3244 mixtusque
1399 3165 1740 3244 aequalibus
1785 3163 1928 3240 illic,

326 3251 469 3312 Dum
508 3252 668 3311 ferus
711 3251 806 3311 hic
845 3267 990 3311 vero
1032 3250 1294 3310 desaevit
1336 3251 1582 3330 pulvere
1624 3248 1879 3323 Mavors,
2213 3253 2307 3309 '785

333 3334 554 3395 Proelia
597 3335 733 3395 lude
769 3333 953 3410 domi,
1001 3334 1156 3412 quod
1200 3335 1250 3392 si
1292 3343 1353 3394 te
1401 3343 1624 3394 moesta
1666 3333 1927 3412 sepulcri

323 3414 496 3478 Fama
536 3427 762 3495 movet,
809 3418 1103 3496 dabimus,
1144 3416 1266 3477 leto
1307 3420 1561 3480 moriere
1598 3418 1900 3479 virorum?
