2517 3909
785 151 1182 203 mammos
1225 154 1367 203 ΜΒ.
1413 155 1506 204 1v.
2054 149 2136 212 83

144 304 370 366 Dissilit
414 303 611 368 umbra
656 322 877 387 capax,
919 307 1220 390 silvaeque
1264 317 1325 372 'et
1362 311 1529 390 nigra
1566 321 1873 391 patescunt

142 389 434 469 Flumina,
477 391 729 453 liventes
771 389 1047 454 Acheron
1088 394 1563 459 eiectat'arenas.

141 474 415 537 Fumidus
456 485 579 536 atra
619 476 783 537 vadis
819 477 1184 556 Phlegethon
1220 480 1490 542 incendia
1529 480 1734 559 volvit,

136 558 214 620 Et
257 561 404 636 Styx
456 560 726 623 discretis
764 562 1026 624 interflua
1063 562 1324 625 Manibus
1365 563 1577 626 obstat.

135 644 331 723 Ipsum
371 646 685 724 pallentem
728 647 882 707 solio
927 649 1258 729 circumque
1303 650 1589 709 ministras
2023 666 2127 719 525

132 727 517 790 Funestorum
554 747 796 810 opernm
826 730 1180 797 Eumenides
1220 734 1583 814 Stygiaeque
1619 753 1866 799 severos

133 814 369 875 Iunonis
407 814 690 876 thalamos
729 825 790 878 et
828 826 1054 879 moesta
1097 817 1309 879 cubilia
1348 834 1546 879 cerno.

132 898 199 959 Iu
236 899 500 980 speculis
538 898 699 962 Mors
733 909 855 963 atra
896 903 1068 966 sedet
1102 902 1464 982 dominisque
1507 903 1752 965 silentes

126 982 489 1044 Annumerat
526 984 807 1065 populos:
853 987 1039 1047 maior
1080 988 1473 1067 supereminet
1514 989 1679 1049 ordo.

131 1066 375 1128 Arbiter
416 1067 525 1129 hos
567 1068 709 1131 dura
744 1080 941 1131 versat
976 1070 1288 1148 Gortynius
1320 1089 1484 1148 urna,
2019 1087 2125 1141 530

127 1150 291 1213 Vera
330 1153 496 1213 minis
534 1165 822 1232 poscens,
870 1154 1165 1236 adigitque
1211 1173 1562 1235 expromere
1603 1157 1751 1218 vitas

125 1235 333 1315 Usque
377 1246 538 1298 retro
582 1247 641 1299 et
682 1239 912 1301 tandem
950 1257 1268 1320 poenarum
1301 1241 1460 1302 lucra
1510 1240 1700 1303 fateri.

126 1320 284 1395 Quid
320 1321 423 1382 tibi
463 1331 716 1384 monstra
760 1323 972 1400 Erebi,
1016 1325 1248 1402 Scyllas
1292 1334 1355 1385 et
1391 1326 1560 1386 inane
1598 1325 1860 1388 furentes

127 1402 491 1483 Centauros,
535 1407 843 1487 solidoque
886 1410 1096 1470 intorta
1134 1410 1437 1471 adamante
1477 1412 1773 1488 gigantum

123 1489 408 1568 Vincula,
456 1500 515 1551 et
558 1502 857 1570 angustam
903 1495 1130 1555 centeni
1168 1494 1506 1572 Aegaeom's
1542 1494 1842 1557 umbram?
2013 1510 2120 1564 535

258 1574 502 1653 ‘Immo,
539 1577 653 1654 ait,
699 1594 738 1637 o
773 1587 1008 1639 nostrae
1042 1580 1305 1656 regimen
1345 1580 1623 1658 viresque
1662 1591 1964 1660 seneeme,

119 1659 210 1721 Ne
258 1660 493 1738 vulgata
537 1661 693 1722 mihi.
768 1661 912 1736 Quis
956 1663 1105 1722 enim
1140 1662 1460 1724 remeabile
1504 1681 1703 1724 saxum

120 1744 539 1825 Fallentesque
584 1745 752 1807 lacus
789 1746 1122 1826 Tytionque
1160 1746 1428 1808 alimenta
1470 1746 1775 1809 volucrum

118 1829 195 1889 Et
247 1828 591 1906 caligantem
636 1830 828 1910 longis
863 1830 1066 1892 Ixiona
1107 1832 1271 1909 gyris

120 1910 411 1975 Nesciat?
489 1912 625 1994 Ipse
668 1916 869 1991 etiam,
914 1916 1123 1997 melior
1163 1934 1336 1996 quum
1383 1916 1652 1994 sanguis,
1692 1927 1931 1996 opertas
2014 1932 2120 1985 540

119 1999 365 2079 Inspexi
402 1999 607 2077 sedes,
644 1999 868 2061 Hecate
910 2001 1191 2078 ducente,
1237 2002 1572 2081 priusquam

122 2083 332 2145 Obruit
375 2101 477 2144 ora
520 2083 663 2144 deus
707 2094 1002 2165 totamque
1044 2088 1103 2147 in
1144 2095 1389 2166 pectora
1428 2086 1619 2147 lucem

118 2168 362 2229 Detulit.
441 2166 754 2247 Argolicas
788 2171 972 2248 magis
1012 2170 1127 2232 huc
1168 2170 1407 2251 appelle
1446 2171 1744 2250 precando

119 2252 548 2332 Thebanasque
586 2255 830 2324 animas;
873 2253 1018 2318 alias
1059 2266 1328 2317 avertere
1369 2273 1613 2334 gressus

116 2338 298 2399 Lacte
342 2346 549 2416 quater
587 2357 826 2419 sparsas
863 2348 1208 2420 moestoque
1253 2340 1551 2404 excedere
1597 2341 1758 2419 luco,
2011 2353 2117 2409 545

116 2422 303 2500 Nata,
345 2421 519 2498 iube,
561 2431 681 2484 tum
720 2424 849 2505 quis
891 2424 1083 2486 vultus
1124 2426 1508 2505 habitusque,
1555 2427 1684 2506 quis
1725 2426 1903 2487 ardor

117 2507 427 2585 Sanguinis
462 2506 657 2585 affusi,
696 2525 848 2586 gens
878 2518 1003 2571 utra
1039 2510 1351 2591 superbior
1386 2510 1560 2586 adsit,

116 2590 228 2652 Die
272 2590 552 2670 agedum,
597 2601 968 2674 nostramque
1009 2612 1181 2656 move
1223 2613 1335 2674 per
1366 2594 1593 2671 singula
1635 2601 1913 2656 noctem.’

243 2675 411 2738 Iussa
454 2675 595 2737 facit
639 2694 987 2757 carmenque
1031 2681 1203 2756 serit,
1251 2696 1369 2758 quo
1413 2677 1663 2758 dissipet
1701 2681 1954 2761 umbras,

117 2758 250 2833 Quo
295 2770 463 2839 regat
500 2770 559 2821 et
603 2778 867 2843 sparsas:
914 2762 1131 2842 qualis,
1176 2764 1227 2823 si
1272 2763 1507 2824 crimina
1550 2763 1770 2842 demas,
1948 2794 1952 2798 ⁴
2005 2778 2112 2832 550

120 2840 364 2906 Colchis
409 2853 471 2905 et
508 2846 712 2907 Aeaeo
754 2846 1073 2907 simulatrix
1115 2845 1521 2909 litore·Circe.

118 2926 280 2990 Tunc
323 2929 415 2990 his
458 2930 780 2992 sacrificum
820 2929 990 2991 dictis
1031 2930 1204 2993 affata
1244 2941 1577 3011 parentem:

245 3012 501 3075 ‘Primus
542 3015 862 3094 sanguineo
904 3013 1182 3077 submittit
1222 3018 1427 3079 inertia
1469 3014 1722 3079 Cadmus

117 3094 234 3159 Ora
278 3098 444 3176 lacu,
489 3100 764 3179 iuxtaque
803 3100 987 3161 virum
1029 3099 1344 3178 Cythereia
1368 3101 1615 3181 proles..

114 3178 316 3243 Effluit
353 3182 650 3245 amborum
690 3185 955 3264 geminus
1001 3185 1076 3248 de
1119 3187 1343 3248 vertice
1383 3204 1652 3268 serpens.
1999 3197 2105 3250 555

116 3262 475 3346 Terrigenae
521 3270 764 3332 comites
808 3270 975 3347 illos,
1020 3289 1169 3350 gens
1209 3269 1415 3332 Martia
1432 3316 1451 3349 ,
1496 3272 1749 3350 cingunt.

110 3348 215 3411 His
262 3353 391 3413 aevi
428 3371 695 3416 mensura
733 3355 893 3433 dies,
938 3372 1139 3418 manus
1180 3356 1364 3417 omnis
1404 3357 1460 3415 in
1503 3357 1700 3432 armis,

114 3434 311 3497 Omnis
349 3446 410 3499 et
455 3438 512 3498 in
549 3438 794 3520 capulo:
833 3440 1143 3521 prohibent
1178 3440 1525 3521 obstantque
1567 3448 1852 3585 'umgffue
