2517 3909
252 190 343 255 34
985 192 1046 247 P.
1084 190 1363 247 PAPINII
1400 190 1642 247 STATII

571 334 669 400 Ut
714 355 965 425 pugnas
1012 335 1187 420 capit
1230 336 1545 420 inprobus
1591 335 1845 402 uiriles!

574 422 815 490 Credas
859 419 942 489 ad
986 422 1261 490 Tanaim
1299 425 1641 510 ferumque
1685 423 1953 490 Phasim
2330 444 2401 496 55

569 512 1187 579 Thermodontiaeas
1233 514 1441 583 calere
1485 518 1756 579 turmas.

569 601 697 667 Hic
742 597 955 667 audax
1002 602 1179 668 subit
1225 602 1384 668 ordo
1429 602 1852 688 pumilm,

569 689 746 767 Quos
791 694 1031 757 natura
1075 691 1296 757 breuis
1343 690 1568 757 statim
1611 695 1876 775 peracta

567 778 908 845 Nodosum
955 780 1160 846 semel
1197 780 1270 845 in
1316 781 1581 866 globum
1625 779 1876 934 Effaffit‘
2387 855 2402 864 Β
2497 823 2500 828 «

565 867 794 934 Edunt
836 875 1107 935 munera
1152 872 1625 955 conseruntque
1715 872 1931 933 extras
2329 888 2400 939 60
2497 923 2498 926 η

565 956 657 1022 Et
701 960 980 1023 mortem
1025 957 1177 1023 sibi
1199 953 1362 1045 (qua
1404 872 1661 1043 manul)
1706 958 2058 1026 minantur.

566 1045 766 1112 Ridet
807 1044 987 1112 Mars
1030 1050 1220 1131 pater
1262 1047 1332 1111 et
1377 1050 1650 1114 cruenta
1690 1044 1974 1131 Uirtus,
2032 1110 2040 1138 ἶ

570 1133 981 1220 Casuraeque
1026 1136 1217 1222 uagis
1265 1156 1459 1221 grues
1504 1134 1750 1223 rapinis

564 1223 890 1289 Mirantur
925 1223 1212 1310 pumilos
1255 1223 1624 1291 ferociores.

564 1311 707 1378 Iam
751 1314 963 1381 noctis
1002 1314 1425 1416 propioribus
1474 1309 1594 1379 sub
1640 1313 1890 1379 umbris
2323 1332 2394 1383 65
2499 1315 2500 1338 ³

452 1448 461 1456 -
561 1399 765 1467 Diues
811 1403 1061 1487 sparsio
1096 1424 1275 1490 quos
1322 1403 1467 1489 agit
1509 1403 1853 1468 tumultus!

561 1488 711 1555 Huc
755 1491 1010 1557 intrant
1051 1491 1280 1557 faciles
1326 1492 1456 1557 emi
1499 1492 1783 1578 puellae,

563 1578 690 1644 Hic
735 1579 1112 1665 agnoscitur
1156 1602 1377 1665 omne,
1425 1580 1597 1665 quod
1639 1580 1919 1646 theatris

560 1666 701 1733 Aut
738 1668 959 1734 forma
1001 1667 1216 1755 placet
1260 1673 1375 1736 aut
1417 1669 1735 1755 probatur
1779 1672 1936 1735 arte.

558 1754 705 1821 Hoc
748 1757 1068 1846 plaudunt
1113 1778 1313 1845 grege
1357 1756 1598 1843 Lydiae
1642 1762 1988 1842 tumentes,
2302 1758 2394 1827 '70

560 1843 685 1911 Illo
732 1843 1031 1931 cymbala
1081 1847 1503 1933 tinnulaeque
1550 1846 1792 1931 Gades3

558 1927 714 2000 Illic
748 1936 1013 2021 agmina
1057 1933 1471 2002 confremunt
1514 1934 1854 2021 Syrorum,

556 2021 685 2089 Hic
729 2024 913 2110 plebs
962 2026 1218 2091 scenica
1264 2025 1500 2110 quique
1547 2024 1961 2090 comminutis

559 2110 944 2178 Permutant
986 2113 1214 2179 uitreis
1261 2113 1524 2202 gregale
1572 2113 1861 2201 sulphur.

557 2198 739 2266 Inter
784 2224 949 2287 quae
995 2201 1213 2268 subito
1260 2203 1503 2268 cadunt
1547 2203 1770 2268 uolatu
2322 2222 2390 2272 75

559 2289 926 2356 Immensae
973 2291 1312 2374 uolucrum
1357 2312 1474 2378 per
1519 2295 1700 2359 astra
1743 2291 1978 2377 nubeS,

559 2376 734 2455 Quas
779 2375 975 2445 Nilus
1023 2401 1206 2446 sacer
1248 2379 1680 2469 horridusque
1725 2379 1977 2465 Phasis,

560 2465 735 2543 Quas
780 2469 909 2534 udo
954 2466 1276 2534 Numidae
1322 2469 1555 2571 legunt
1600 2469 1720 2535 sub
1768 2471 2010 2535 austro.

555 2555 815 2623 Desunt
846 2557 970 2643 qui
1014 2558 1306 2644 rapiant,
1353 2558 1662 2644 sinusque
1706 2558 1886 2642 pleni

554 2642 894 2731 Gaudent,
919 2646 1074 2711 dum
1118 2666 1292 2713 noua
1334 2647 1520 2713 lucra
1564 2651 2042 2732 comparantur.
2314 2667 2385 2718 80

562 2733 830 2800 Tollunt
871 2735 1244 2801 innumeras
1293 2736 1376 2802 ad
1422 2739 1601 2802 astra
1644 2757 1866 2822 uoces,

557 2817 936 2888 Saturnalia
978 2824 1291 2911 principis
1339 2829 1678 2911 sonanteS,

551 2910 644 2976 Et
689 2912 860 2978 dulci
905 2913 1241 2981 dominum
1283 2914 1510 2980 fauore
1557 2914 1873 2981 clamant.

552 2996 698 3066 Hoc
744 3002 952 3067 solum
998 3003 1209 3068 uetuit
1249 3003 1445 3068 licere
1492 3000 1748 3069 Caesar.

552 3087 841 3156 Uixdum
888 3092 1149 3158 caerula
1191 3114 1326 3158 nox
1370 3091 1634 3181 subibat
1679 3092 1929 3180 orbem,
2310 3110 2382 3161 85

374 3325 446 3376 54
492 3319 571 3376 Ut
615 3326 652 3373 c
688 3339 749 3376 ει.
763 3299 873 3378 Et
917 3322 1035 3379 edd.
1081 3324 1104 3392 ΙΙ
1147 3325 1215 3377 58
1264 3323 1480 3378 statura
1526 3321 1759 3378 Guietus
1800 3324 1813 3393 Ι
1858 3324 2115 3392 peractos
2165 3323 2378 3379 Grono-

88 3399 135 3416 ·”·
230 3393 363 3448 ‘coins
405 3392 427 3461 ΙΙ
471 3397 540 3448 60
576 3410 810 3449 munera
843 3395 1069 3465 scripsi.-
1113 3393 1351 3450 uulnera
1387 3400 1422 3446 c
1459 3394 1573 3520 adli
1600 3400 1667 3449 61
1707 3410 1821 3464 qua
1846 3395 2161 3450 Amantius.-
2205 3401 2382 3490 quam
2481 3479 2482 3484 ἵ

232 3463 1461 3536 cass'lotimentcscawcmDomss'Il
1573 3412 1887 3521 oMzffklx
1923 3464 2190 3521 Illicca
2481 3493 2482 3520 ι
