2517 3909
360 133 480 196 126
983 183 990 190 .
1014 147 1080 196 P.
1129 146 1399 196 Parnm
1438 145 1671 197 snm

353 304 574 364 Auster
615 301 767 381 agit,
807 300 1001 362 medio
1040 309 1193 363 stant
1231 302 1370 363 vela
1412 302 1685 363 tumentia
1726 311 1929 384 ponto.

485 387 647 448 Tune
684 388 870 466 ipsum
913 386 1100 447 fracto
1141 405 1313 448 eurru
1354 387 1656 464 deturbat,
1705 397 1765 448 et
1805 390 1953 449 isset
2241 395 2352 452 485

353 473 509 533 Ante
555 469 856 542 Chromis;
901 472 1008 532 sed
1051 470 1312 532 Thraces
1354 473 1490 552 equi
1530 480 1593 532 ut
1631 471 1833 533 videre
1866 474 2166 533 iacentem

354 556 812 637 Hippodamum,
857 556 1010 616 redit
1045 555 1146 616 illa
1189 556 1408 634 fames,
1453 557 1566 617 iam
1608 556 1842 635 iamque
1879 566 2226 619 trementem

354 642 553 703 Partiti
591 641 788 718 furiis,
833 641 892 701 ni
933 640 1099 702 frena
1140 641 1423 721 ipsosque
1459 641 1811 718 frementes,

358 725 583 786 Oblitus
625 725 880 805 palmae,
925 734 1088 788 retro
1132 724 1463 802 Tirynthius
1497 726 1676 786 heros

357 810 653 872 Torsisset
686 810 991 889 vietusque
1037 819 1098 871 et
1137 810 1499 872 collaudatus
1542 809 1781 871 abisset.
2246 820 2354 878 490

477 895 557 955 At
598 893 702 955 tibi
738 895 1060 975 promissos
1102 893 1426 956 iamdudum
1468 894 1740 955 Phoebus
1783 894 2074 972 honores,

354 979 739 1059 Amphiarae,
788 980 966 1059 eupit.
1055 978 1312 1040 Tandem
1353 988 1513 1040 ratus
1555 988 1687 1059 apta
1731 979 1920 1041 favori

358 1065 648 1145 Tempora
668 1109 686 1141 ,
732 1065 1001 1144 pulverei
1040 1065 1201 1125 venit
1240 1065 1300 1124 in
1340 1066 1526 1144 spatia
1567 1064 1801 1126 horrida
1843 1064 2017 1141 circi,

357 1148 545 1224 Quum
587 1149 697 1208 iam
738 1150 794 1208 in
839 1148 951 1209 fine
994 1151 1156 1226 viae,
1200 1156 1260 1209 et
1301 1165 1579 1210 summum
1620 1149 1877 1210 victoria·
1900 1157 2090 1219 nutat;

353 1234 773 1312 Anguieomam
815 1235 1057 1294 monstri
1098 1232 1355 1311 effigiem
1400 1234 1736 1295 saevissima
1774 1233 1925 1294 visu
2246 1241 2352 1298 495

357 1317 474 1379 Ora
510 1326 739 1395 movet,
782 1319 906 1378 sive
949 1318 1053 1378 ille
1090 1317 1329 1395 Erebo,
1375 1336 1481 1379 seu
1523 1318 1686 1378 finxit
1723 1318 1781 1377 in
1823 1325 1973 1378 astu·

356 1402 697 1482 Temporis,
738 1404 1036 1463 innumera
1074 1411 1237 1462 certe
1282 1402 1585 1463 formidine
1622 1402 1838 1464 cultum
1952 1453 1957 1462 .

356 1486 534 1548 Tollit
574 1488 633 1547 in
676 1496 829 1547 astra
862 1487 1050 1548 nefas.
1131 1485 1266 1548 Non
1302 1486 1444 1548 illud
1487 1487 1696 1548 ianitor
1736 1495 1907 1550 atrae.

353 1570 660 1651 Inpavidus
702 1570 913 1632 Lethes
929 1597 955 1649 ,·
990 1589 1107 1632 non
1148 1572 1316 1651 ipsae
1356 1572 1604 1633 horrore
1644 1572 1770 1632 sine
1812 1571 1931 1631 alto
2164 1623 2171 1634 .

352 1654 706 1718 Eumenides
747 1656 964 1717 vidisse
1009 1665 1254 1737 queant,
1299 1656 1591 1720 turbasset
1633 1664 1861 1717 euntes·
1992 1727 1999 1734 ‚
2245 1662 2348 1716 500

356 1741 513 1802 Solis
554 1757 740 1820 equos
782 1739 1097 1820 Martisque
1141 1742 1356 1819 iugum.
1440 1739 1587 1802 Nam
1630 1741 1816 1802 flavus
1851 1737 2037 1798 Arion

351 1824 430 1885 Ut
466 1825 640 1902 vidit,
686 1825 900 1887 saliere
935 1825 1136 1903 iubae,
1181 1834 1357 1905 atque
1396 1835 1628 1887 erectus
1673 1825 1729 1885 iu
1769 1839 1962 1884 armos
2480 1831 2481 1886 i

353 1912 511 1988 Stat,
554 1911 894 1990 sociumque
934 1911 1055 1988 iugi
1098 1911 1458 1991 comitesque
1502 1911 1786 1988 utrimque
1829 1906 2051 1970 laboris

352 1996 565 2057 Secum
601 1994 719 2055 alte
763 1995 1065 2075 suspendit
1103 2011 1309 2073 equos.
1398 1994 1537 2056 Ruit
1577 1995 1739 2055 ilicet
1777 1991 1917 2056 exul
2112 2035 2119 2052 2
2236 2053 2243 2060 ,

352 2079 577 2140 Aonius
622 2097 923 2159 nexusque
965 2079 1061 2140 diu
1101 2098 1214 2160 per
1246 2088 1416 2158 terga
1451 2079 1686 2141 volutus
1834 2091 1841 2098 ‘
2010 2115 2015 2124 ·
2241 2089 2342 2144 505

349 2163 558 2236 Exuit3
597 2163 876 2243 abripitur
917 2164 1096 2241 long-e
1138 2163 1530 2225 moderamine
1573 2163 1725 2225 liber
1876 2183 1881 2192 ·
1952 2193 1957 2198 ·
2014 2199 2019 2210 ι

354 2245 599 2318 Currum
643 2257 701 2309 at
744 2248 896 2309 hune
936 2249 1090 2327 putri
1132 2257 1370 2328 praeter
1410 2249 1620 2310 tellure
1654 2249 1945 2310 iamentem

351 2331 636 2393 Taenarei
680 2350 883 2392 currus
925 2342 987 2394 et
1027 2332 1346 2393 Thessalus
1391 2336 1517 2395 axis
1562 2343 1623 2395 et
1658 2333 1843 2394 -heros

348 2418 616 2479 Lemnius
659 2415 929 2497 obliqua,
972 2426 1244 2498 quantum
1286 2420 1471 2479 vitare
1511 2418 1786 2496 dabatur,

351 2501 737 2564 Transabiere
782 2501 938 2580 fuga.
1025 2501 1283 2563 Tandem
1327 2495 1575 2581 ealigine
1618 2519 1870 2565 messum
2241 2515 2344 2570 510

349 2585 538 2664 Erigit
579 2604 827 2647 accursu
872 2587 1141 2649 comitum
1185 2596 1369 2667 eaput
1403 2597 1699 2667 aegraque
1744 2589 1898 2651 tollit
1968 2631 1975 2640 ·

346 2669 606 2732 Membra
649 2670 815 2748 solo,
859 2681 921 2733 et
953 2689 1170 2733 socero
1209 2673 1364 2734 redit
1404 2672 1555 2734 haud
1593 2683 1864 2752 speratus
1898 2672 2173 2736 Adrasto.

474 2752 615 2829 Quis
654 2758 885 2835 mortis,
933 2756 1240 2834 Thebane,
1285 2756 1488 2834 loeus,
1527 2757 1637 2818 nisi
1674 2757 1815 2820 dura
1853 2767 2135 2837 negasset

349 2839 697 2919 Tisiphone,
742 2851 1011 2920 quantum
1055 2850 1295 2921 poteras
1332 2841 1622 2903 dimittere
1664 2839 1926 2905 bellam?

350 2923 435 2985 Te
473 2924 711 2987 Thebae
749 2926 1047 3004 fraterque
1089 2926 1316 3006 palam,
1359 2936 1421 2988 te
1464 2926 1773 3006 plangeret
1815 2927 2051 3006 Argos3
2238 2937 2337 2993 515

348 3008 434 3069 Te
477 3007 732 3088 Nemee,
776 3009 880 3070 tibi
920 3009 1106 3071 Lerna
1149 3027 1348 3072 eomas
1388 3009 1735 3090 Larissaque
1779 3012 2034 3092 supplex

345 3093 632 3173 Poneret,
675 3093 1022 3155 Archemori
1056 3096 1241 3156 maior
1276 3094 1889 3176 colereresepulero.

474 3178 636 3239 Tune
676 3195 822 3239 vero
869 3177 1177 3257 Oeclides,
1226 3197 1569 3259 quamquam
1610 3181 1722 3241 iam
1767 3190 1928 3242 eerta
1969 3183 2244 3263 sequenti
2467 3113 2469 3262 ἱ

342 3262 638 3339 Praemia,
686 3280 857 3341 quum
896 3281 1115 3324 vacuus
1158 3265 1389 3325 domino
1429 3264 1685 3344 prae-iret
1733 3263 1950 3342 Arion,

345 3346 535 3406 Ardet
576 3336 765 3407 adhue
808 3347 1049 3426 cupiens
1089 3347 1190 3408 vel
1231 3349 1459 3409 inanem
1494 3350 1736 3412 vineae
1778 3368 2024 3412 currum.
2236 3361 2338 3416 52⁰
2465 3361 2467 3486 1

344 3427 459 3490 Dat
492 3429 650 3491 vires
686 3430 1034 3512 refovetque
1075 3430 1251 3504 deus;
1292 3433 1454 3497 volat
1490 3433 1892 3518 ocior-Baro,
