2517 3909
819 144 1222 197 mBAmos
1265 145 1408 195 Lm.
1451 146 1551 196 x1.
2067 133 2193 198 239

190 301 364 363 Nunc
401 299 557 382 pede
593 310 795 364 torvus
838 302 1097 379 humum,
1136 319 1293 362 nunc
1322 301 1593 364 cornibus
1620 318 1758 363 aera
1786 301 2037 370 findens;
2091 314 2198 368 255

190 386 411 449 Horret
455 405 631 466 ager,
674 386 1058 467 trepidaeque
1097 396 1421 467 expectant
1462 387 1691 468 proelia
1726 386 1939 448 valles.

319 470 452 533 Nec
489 472 696 533 desunt
736 471 866 549 regi
909 473 1188 533 cosnites:
1252 471 1469 549 ‘Sine‚
1512 471 1742 534 moenia
1785 473 1982 551 pulset

190 554 435 626 Inritus;
491 556 595 618 ille
635 565 828 617 autem
870 555 1075 618 fractis
1113 556 1229 619 huc
1271 557 1482 618 audeat
1521 574 1708 636 nsque

190 637 474 702 Viribus?
515 641 611 703 hic
650 641 881 702 miseris
918 641 1083 705 furor
1124 651 1218 702 est
1256 642 1477 702 instare
1522 641 1776 722 periclo,

193 725 326 787 Nec
363 724 583 787 librare
624 735 813 786 metus
857 734 920 787 et
957 734 1082 788 tuta
1125 724 1355 796 odisse3
1397 727 1615 787 resiste
2092 738 2197 793 260

194 809 325 871 Hoc
365 810 552 871 fretus
592 811 781 888 solio,
826 826 937 871 nos
982 808 1449 890 propulsabimus
1492 811 1741 872 hostem.

193 894 318 956 Hos
358 894 592 956 bellare
628 894 814 956 iube?
895 896 997 957 Sic
1037 896 1306 975 proxima
1340 894 1540 973 turba,
1587 896 1694 958 sed
1739 897 1951 958 ardens

193 978 359 1041 Ecce
400 978 602 1044 aderat
643 979 803 1042 luctu
841 976 1220 1060 dicturusque
1265 981 1453 1041 omnia
1495 979 1639 1042 belli

192 1063 492 1126 Libertate
538 1061 768 1135 Creon
805 1067 926 1126 urit
964 1065 1092 1126 fera
1134 1064 1315 1127 corde
1356 1063 1740 1135 Menoeceusz

194 1147 370 1211 Nulla
414 1150 562 1229 patri
602 1150 871 1230 requies,
914 1150 1075 1210 illum
1111 1150 1455 1230 quaeritque
1487 1159 1784 1229 tenetque.
2090 1161 2192 1216 265

197 1232 365 1295 Illum
408 1235 763 1312 sanguineos
801 1234 1150 1315 proflantem
1192 1243 1439 1314 pectore
1480 1236 1642 1296 rivos

198 1317 470 1398 Adspicit
511 1328 571 1380 et
611 1334 790 1380 saeva
833 1336 1070 1400 semper
1106 1320 1181 1380 de
1223 1329 1385 1380 turre
1422 1320 1746 1381 cadentem.

203 1402 276 1463 Ut
320 1402 551 1465 dubium
595 1413 656 1464 et
696 1421 922 1484 pugnas
966 1412 1332 1465 cunctantem
1368 1402 1658 1466 Eteoclea
1697 1405 1868 1466 vidit:

329 1492 351 1523 e
368 1487 520 1567 Ibis,
563 1489 674 1565 ait,
725 1502 920 1569 neque
961 1497 1023 1549 te
1061 1488 1341 1565 ulterius,
1384 1489 1742 1567 fratrumque
1783 1489 2110 1566 ducumque

193 1572 491 1649 Pessime,
533 1572 835 1634 funeribus
878 1574 1103 1653 patriae
1145 1572 1516 1654 lacrimisque
1554 1576 1819 1654 potitum,
2089 1578 2196 1635 270

193 1655 576 1721 Eumenidum
617 1657 881 1737 bellique
927 1674 1092 1718 reum
1132 1658 1420 1737 patiemur
1458 1658 1642 1719 inulti.

194 1744 304 1804 Sat
343 1751 443 1803 tua
483 1759 600 1802 non
635 1744 842 1822 aequis
879 1742 1088 1802 luimus
1129 1742 1385 1821 periuria
1424 1740 1593 1802 divis.

192 1824 416 1888 Urbem
458 1829 628 1888 armis
672 1826 1000 1906 opibusque
1039 1842 1281 1903 gravem
1326 1835 1388 1887 et
1425 1826 1601 1888 modo
1642 1825 1867 1888 civibus
1902 1835 2138 1903 arctam,

193 1911 325 1973 Cen
370 1912 543 1973 coelo
588 1912 839 1974 demissa
881 1912 1015 1972 lues
1052 1911 1358 1972 inimicave
1398 1911 1574 1973 tellus

190 1996 482 2075 Hausisti,
524 2012 888 2075 vacuamque
926 2005 1123 2056 tamen
1161 1995 1425 2056 sublimis
1465 1993 1824 2059 obumbras?
2091 2001 2195 2056 275

191 2080 385 2143 Deest
429 2082 671 2141 servitio
712 2081 953 2161 plebem
999 2079 1110 2142 bos
1150 2080 1304 2158 ignis
1340 2090 1587 2159 egentes

187 2165 337 2227 Fert
378 2165 613 2243 humus,
657 2164 769 2226 hos
806 2165 1028 2246 pelago
1073 2167 1294 2246 patrius
1336 2167 1451 2226 iam
1493 2165 1698 2228 detulit
1739 2167 1939 2226 amnis.

188 2249 265 2311 Hi
310 2259 596 2330 quaerunt
635 2259 826 2328 artus,
869 2251 957 2312 illi
998 2250 1177 2311 ardua
1216 2250 1460 2311 vulnera
1506 2259 1728 2311 curant.

188 2334 407 2396 Redde
451 2334 698 2412 agedum
739 2337 970 2396 miseris
1006 2335 1220 2396 fratres
1261 2344 1552 2415 natosque
1600 2344 1942 2416 patresque,

190 2418 406 2479 Redde
448 2421 604 2480 arvis
644 2419 1028 2504 domibusque
1055 2422 1237 2481 viros.
1311 2420 1425 2481 Ubi
1452 2421 1730 2481 maximus
1757 2420 2029 2500 Hypseus
2093 2430 2198 2485 280

187 2502 611 2584 Finitimusqne
650 2502 886 2581 Dryas?
927 2504 1028 2565 nbi
1066 2503 1359 2566 Phocidos
1400 2520 1558 2566 arma
1602 2521 1857 2566 sonorae

185 2587 564 2668 Euboicique
605 2587 830 2650 duces?
904 2589 1049 2651 Illos
1090 2599 1284 2651 tamen
1325 2607 1515 2668 aequa
1554 2589 1734 2651 duelli

188 2675 346 2736 Sors
387 2673 518 2735 tulit
557 2674 630 2735 ad
671 2672 905 2736 Hunes:
947 2683 1010 2736 at
1050 2684 1144 2752 tu,
1190 2674 1402 2755 pudet!
1448 2673 1639 2735 bestia
1682 2676 1875 2753 regni,

186 2758 434 2835 Hostia,
474 2767 643 2835 nate,
685 2759 850 2821 iaces
888 2776 998 2820 ceu
1034 2769 1225 2821 mutus
1260 2770 1323 2821 et
1363 2777 1399 2819 e
1439 2776 1627 2837 grege
1671 2761 1926 2839 sanguis.

183 2842 308 2905 Hei
342 2842 479 2903 mibi
517 2844 781 2922 primitiis
823 2861 1112 2906 armornm
1148 2854 1208 2905 et
1241 2846 1355 2905 rite
1397 2844 1631 2905 nefasto
2093 2850 2195 2905 285

182 2926 432 2989 Libatus
471 2927 782 3008 iussusque
817 2930 999 3007 mori,
1046 2939 1107 2990 et
1146 2927 1508 2991 cunctabitur
1549 2929 1702 2990 ultra

185 3008 365 3075 Iste?
420 3029 533 3072 nee
572 3012 825 3074 adverso
866 3031 1020 3075 mc
1058 3014 1267 3075 saltem
1307 3013 1496 3074 Marte
1535 3023 1779 3075 vocatus

187 3093 429 3158 Stabit?
472 3114 545 3157 an
586 3097 646 3158 in
689 3115 919 3177 pugnas
959 3098 1132 3161 alium
1174 3097 1340 3159 iubet
1377 3097 1468 3159 ire
1508 3099 1790 3178 profanus

127 3231 137 3240 .
189 3178 505 3243 Tiresias?
554 3183 880 3264 iterumque
924 3200 1091 3244 meos
1127 3182 1368 3245 oracula
1404 3184 1587 3244 nectit

187 3265 259 3327 In
301 3263 597 3344 gemitus?
652 3267 788 3347 quid
832 3269 984 3331 enim
1022 3270 1238 3329 misero
1283 3284 1461 3347 snper
1503 3268 1705 3328 unicus
1749 3262 2051 3326 Haemon?
2092 3272 2199 3331 290

188 3348 306 3411 Ille
347 3350 485 3412 iube
527 3351 766 3430 subeat,
810 3362 989 3435 tuque
1031 3352 1166 3415 hinc
1211 3361 1512 3434 spectator
1550 3351 1624 3412 ab
1660 3350 1778 3412 alta

192 3434 387 3498 Turre
429 3434 605 3510 sede;
652 3438 789 3519 quid
825 3454 1004 3503 sueva
1038 3439 1274 3520 fremis,
1316 3438 1702 3517 famulamque
1741 3434 2044 3498 cohortem
