2517 3909
230 111 353 219 138
951 153 1015 209 Ρ.
1052 152 1329 208 PAPmn
1367 152 1608 209 surm

221 299 619 365 Flectentem
653 297 842 364 iustis
890 300 956 362 et
998 298 1162 363 talia
1206 297 1382 364 dicta
1426 299 1796 382 parantem:

220 388 477 472 Parce,
519 408 765 472 precor,
810 388 1040 452 cineri:
1086 388 1300 452 fatum
1343 387 1504 451 illud
1549 390 1618 451 et
1659 387 1760 451 ira
1803 387 2157 452 nocentum

221 475 572 543 Parcarum
618 478 986 561 crimenque
1033 475 1154 560 dei,
1197 475 1503 540 mortalia
1548 476 1837 561 quisquis
2290 490 2363 540 85

219 564 495 632 Pectora
541 586 684 631 sero
729 563 910 629 uidet
950 586 1072 634 nec
1115 565 1326 667 primo
1372 565 1444 629 in
1486 564 1711 629 limine
1756 565 1932 629 sistit
2016 634 2033 642 ,

221 652 509 720 Conatus
556 653 871 720 scelerum
917 657 1111 739 atque
1156 654 1409 718 animos
1446 653 1718 718 infanda
1761 656 2088 737 parantes,

218 742 497 809 Excidat
539 744 656 808 illa
701 742 836 808 dies
883 764 1064 827 aeuo,
1108 763 1229 808 nec
1273 744 1539 826 postera
1583 741 1851 807 credant

224 830 519 897 Saecula!
566 853 690 897 nos
729 835 900 897 certe
944 834 1275 897 taceamus
1321 834 1390 895 et
1426 831 1669 896 obruta
1704 832 1913 896 multa

217 919 425 986 Nocte
468 921 607 1007 tegi
649 920 948 1006 propriae
984 920 1315 1005 patiamur
1358 919 1631 985 crimina
1675 921 1906 1005 gentis.
2290 937 2362 986 90

218 1008 458 1096 Exegit
501 1032 765 1096 poenas,
809 1010 1148 1075 hominum
1194 1010 1299 1075 cui
1344 1030 1501 1073 cura
1544 1030 1828 1093 suorum,

220 1098 361 1174 Quo
406 1099 626 1164 Pietas
664 1102 927 1164 auctore
971 1097 1141 1163 redit
1184 1100 1524 1183 terrasque
1568 1097 1815 1182 reuisit,

218 1186 423 1263 Quem
457 1188 649 1253 timet
683 1208 873 1252 omne
908 1187 1112 1251 nefas„
1158 1187 1319 1252 satis
1356 1187 1516 1251 haec
1551 1186 2076 1272 lacrimandaque
2111 1187 2308 1253 nobis
2342 1200 2355 1204 ’

217 1274 418 1341 Ultio,
509 1277 668 1361 quin
706 1297 936 1341 saeuas
980 1276 1235 1340 utinam
1284 1296 1546 1340 exorare
1590 1276 1813 1340 liceret

215 1363 611 1429 Eumenidas
656 1364 1048 1450 timidaeque
1095 1367 1387 1429 auertere
1434 1362 1764 1429 Cerberon
1807 1365 2081 1430 umbrae
2290 1382 2359 1433 95

211 1452 797 1538 Immemoremque
840 1454 972 1517 tuis
1019 1454 1208 1518 citius
1256 1453 1409 1518 dare
1452 1452 1752 1518 manibus
1798 1452 2099 1519 amnem?

211 1540 431 1607 Macte
477 1542 715 1627 animo,
758 1542 1037 1606 iuuenis!
1085 1542 1179 1607 sic
1225 1545 1523 1607 crescunt
1568 1542 1843 1607 crimina
1887 1543 2138 1608 matris.

217 1628 356 1695 Nec
399 1634 659 1696 tantum
703 1631 931 1715 pietaS,
979 1629 1091 1695 sed
1124 1631 1423 1715 protinus
1470 1629 1671 1694 ardua
1715 1631 1927 1696 uirtus

217 1718 542 1785 Affectata
585 1719 725 1784 tibi.
815 1739 1023 1803 nuper
1068 1740 1216 1785 cum
1260 1720 1430 1783 forte
1478 1718 1718 1784 sodalis

217 1806 565 1873 Inmeritae
609 1809 777 1874 falso
822 1809 1099 1893 palleret
1142 1808 1409 1873 crimine
1454 1808 1668 1872 famae
2259 1827 2364 1878 100
2462 1883 2472 1891 ,

143 1923 146 1926 ’
212 1895 640 1983 Erigeretque
684 1898 901 1963 forum
948 1898 1394 1980 succinctaque
1438 1895 1649 1962 iudice
1695 1897 1902 1962 multo

216 1983 524 2071 Surgeret
567 1990 634 2051 et
678 1990 931 2053 castum
976 1986 1266 2063 uibraret
1309 1984 1355 2049 J
1355 1985 1491 2049 ulla
1533 1985 1810 2050 fulmen.

213 2073 328 2158 Tu,
375 2097 768 2161 quamquam
819 2097 950 2140 non
997 2077 1148 2139 ante
1194 2075 1410 2140 forum
1454 2074 1760 2159 legesque
1806 2095 2068 2141 seueras

212 2161 475 2249 Passus,
520 2164 634 2229 sed
678 2164 884 2229 tacita
927 2163 1292 2228 studiorum
1340 2163 1629 2228 occultus
1676 2163 1749 2227 in
1791 2164 2040 2249 umbra,

211 2251 571 2318 Defensare
617 2254 829 2317 metus
877 2251 1278 2338 aduersaque
1321 2252 1455 2315 tela
1496 2251 1735 2317 subisti
2258 2271 2362 2321 105

171 2360 175 2364 ⁴
211 2340 477 2426 Pellere,
520 2342 786 2406 inermis
834 2341 1044 2406 adhuc
1084 2345 1149 2405 et
1182 2342 1332 2425 tire,
1369 2341 1668 2424 pauentis
1708 2341 1918 2407 amici.

208 2428 394 2495 Haut
435 2452 745 2515 umquam
789 2431 953 2494 tales
1002 2430 1255 2515 aspexit
1299 2428 1613 2494 Romulus
1661 2450 1866 2495 annos

211 2518 710 2604 Dardaniusque
748 2539 947 2583 senex
992 2517 1188 2584 medii
1232 2518 1476 2583 bellare
1520 2519 1753 2603 togata

211 2604 443 2693 Strage
488 2608 633 2673 fori.
708 2611 1009 2691 stupuere
1055 2610 1274 2692 patres
1320 2606 1689 2671 tentamina
1730 2603 1927 2672 tanta

212 2693 630 2781 Conatusque
674 2700 844 2780 tuOS‚
888 2695 965 2761 de
1009 2699 1075 2761 te
1120 2717 1269 2761 reus
1314 2696 1456 2781 ipse
1501 2694 1794 2761 timebat.
2255 2715 2358 2765 110

346 3053 416 3104 83
453 3048 783 3104 Flectenten
819 3064 855 3103 a
888 3047 1051 3103 iustis
1086 3047 1358 3103 Heinsius
1382 3050 1403 3118 11
1429 3054 1500 3104 84
1534 3048 1622 3103 ira
1655 3053 1728 3102 Δ·
1764 3048 1847 3105 ire
1885 3056 1920 3102 c
1957 3052 1978 3119 fl
2018 3054 2088 3105 88
2125 3050 2359 3107 Excitat

204 3118 307 3174 illa
351 3120 443 3175 die
488 3136 654 3176 saeuo
700 3125 735 3171 G
773 3137 822 3188 a,
868 3135 1005 3175 corr.
1052 3120 1341 3174 Amantius
1374 3121 1394 3187 11
1429 3126 1498 3174 97
1537 3120 1617 3174 sic
1653 3121 1801 3175 edd..-
1837 3122 1936 3176 sed
1974 3127 2009 3173 G
2035 3123 2226 3191 01199
2266 3139 2354 3178 00-

205 3190 361 3246 dales
397 3197 432 3243 c
471 3209 505 3245 a
547 3193 719 3273 11100
748 3190 992 3261 palleret
1025 3194 1097 3245 A:
1132 3190 1413 3261 pallerent
1449 3195 1484 3241 c
1529 3192 1550 3260 11
1597 3195 1699 3245 101
1737 3191 1945 3263 forum]
1985 3196 2138 3247 toros
2174 3192 2356 3249 Hein-

207 3261 356 3328 siu-35
390 3268 535 3332 puto
547 3193 721 3319 11οο111
765 3263 995 3332 oretque
1039 3262 1222 3317 forum
1256 3264 1277 3330 11
1317 3266 1418 3318 108
1464 3261 1854 3318 Dardaniusue
1897 3264 2178 3319 Barthim
2212 3264 2356 3320 Dar·
2374 3310 2378 3313 ⁴

205 3302 434 3389 dani’iue
478 3349 639 3389 senes
751 3334 887 3389 arkl.
886 3280 931 3401 q}
963 3332 1152 3387 media.
1184 3332 1318 3388 bell.
1363 3332 1548 3402 togati
1594 3332 1742 3389 Pace
1777 3332 1887 3388 fori
1920 3336 2109 3405 idmu
2140 3340 2246 3390 110
2285 3338 2357 3392 de

206 3405 435 3475 scripsi.-
468 3421 573 3461 nec
609 3407 645 3457 (2
683 3424 717 3460 a
752 3421 855 3476 pro
894 3404 1107 3460 Markl.
