2517 3909
834 158 1235 212 mammos
1282 162 1422 212 mn.
1465 164 1535 212 x,
2064 153 2186 216 223

190 316 555 392 Quaeramus
599 322 896 397 superos?
982 317 1148 380 Facit
1183 319 1319 396 illa,
1364 321 1609 399 acieque
1659 321 1861 398 sagaci
1956 316 1962 322 ’

188 403 560 480 sanguineos
604 401 953 463 flammarum
974 406 1200 483 apices
1237 405 1644 484 geminumque
1687 423 1797 484 per
1835 422 1966 466 aras

185 485 394 564 Ignem
434 496 496 548 et
533 485 692 548 clara
726 495 932 547 tamen·
962 489 1190 549 mediae
1231 488 1464 566 fastigia
1505 489 1653 550 lucis
2080 499 2186 554 600

188 569 335 631 Orta
378 571 581 640 docet;
625 580 763 631 tunc
803 571 861 633 in
906 574 1167 652 speeiem
1208 575 1502 652 serpentis
1544 574 1773 635 inanem
2133 586 2142 595 ·

184 655 450 735 Ancipiti
489 673 637 734 gyro
679 655 839 716 volvi
877 657 1186 736 frangique
1224 656 1443 718 rubore

183 739 566 801 Demonstrat
613 739 787 800 dubio
832 743 1169 821 patriasque
1201 742 1504 809 inluminat
1539 742 1793 804 umbras.

182 824 303 886 Ille
348 834 662 886 coronatos
701 825 1025 887 iamdudum
1069 826 1437 906 amplectitur
1476 827 1667 905 ignes,

183 907 513 970 Fatidicum
553 909 801 970 sorbens
839 910 1005 971 vultu
1040 910 1323 989 flagrante
1364 926 1666 991 vaporem.
2082 923 2185 976 605

185 994 362 1054 Stant
401 996 600 1056 tristes
640 995 888 1055 horrore
929 1010 1167 1072 comae,
1206 997 1496 1076 vittasque
1531 1005 1848 1057 trementes

188 1075 506 1140 Caesaries
555 1081 754 1140 insana
795 1080 982 1140 levat:
1028 1078 1259 1142 diducta
1300 1091 1538 1161 putares

183 1161 424 1224 Lumina
462 1172 977 1244 consumptumque
1012 1166 1181 1241 genis
1217 1165 1467 1227 rediisse
1505 1165 1772 1226 nitorem.

187 1246 447 1309 Tandem
492 1249 803 1310 exundanti
843 1250 1106 1329 permisit
1143 1249 1328 1311 verba
1370 1250 1585 1310 furori:

320 1333 600 1411 ‘Audite,
652 1351 687 1394 o
735 1342 974 1410 sontes,
1017 1344 1277 1396 extrema
1319 1330 1573 1396 litamina
1615 1334 1827 1410 divum,
2084 1342 2189 1396 610

184 1415 584 1488 Labdacidae;
626 1418 789 1478 venit
831 1418 982 1479 alma
1025 1419 1217 1497 salus,
1266 1419 1372 1480 sed
1413 1420 1593 1481 limite
1638 1418 1802 1480 duro.

182 1500 431 1562 Martius
469 1504 706 1563 inferias
747 1512 811 1563 et
854 1520 1031 1563 saeva
1076 1503 1358 1582 efflagitat
1394 1505 1600 1582 anguis

184 1588 405 1663 Sacra,
448 1588 617 1648 cadat
660 1589 902 1665 generis
941 1588 1286 1667 quicumque
1326 1590 1675 1649 novissimus
1720 1595 1878 1647 extat

182 1670 459 1749 Viperei:
504 1672 670 1732 datur
705 1672 821 1733 hoc
864 1681 1080 1733 tantum
1118 1673 1363 1733 victoria
1403 1682 1600 1751 pacto.

186 1753 398 1833 Felix,
445 1757 542 1836 qni
578 1765 734 1817 tanta
777 1757 968 1818 lucem
1010 1755 1286 1817 mercede
1331 1756 1665 1835 relinquet.’
2084 1765 2187 1821 615

317 1839 521 1901 Stabat
564 1839 785 1902 fatidici
833 1857 1021 1921 prope
1066 1859 1244 1902 saeva
1282 1840 1485 1903 altaria
1523 1842 1676 1902 vatis

185 1923 488 2001 Moestus,
534 1924 724 1986 adhuc
759 1927 988 2005 patriae
1029 1935 1245 1987 tantum
1288 1927 1605 1987 communia
1649 1924 1857 2002 lugens

185 2008 368 2086 Fata,
413 2007 639 2087 Creon,
684 2010 962 2088 grandem
1003 2010 1175 2071 subiti
1221 2029 1394 2090 quum
1431 2010 1682 2070 fulminis
1722 2011 1918 2086 ictum,

184 2092 327 2154 Non
369 2111 543 2154 secus
591 2112 665 2155 ac
699 2104 852 2156 torta
889 2097 1166 2156 traiectus
1210 2095 1454 2175 cuspide
1497 2103 1728 2174 pectuS,

185 2179 430 2257 Accipit
472 2180 751 2240 exanimis
786 2181 1078 2259 sentitque
1120 2176 1446 2241 Menoecea
1491 2181 1678 2259 posci.
2082 2189 2186 2243 620

187 2262 475 2325 Monstrat
517 2265 668 2324 enim
710 2265 1033 2344 suadetque
1075 2265 1275 2333 timot-3
1324 2273 1520 2344 stupet
1562 2264 1766 2326 anxius
1809 2262 1931 2323 alto

189 2345 389 2408 Corda
428 2356 584 2407 metu
622 2348 913 2426 glaciante
955 2357 1157 2429 pater,
1203 2349 1499 2410 Trinacria
1543 2348 1731 2429 qualis

191 2430 312 2492 Ora
348 2449 758 2512 repercussum
790 2433 1010 2510 Libyco
1052 2451 1215 2494 mare
1254 2435 1425 2494 sumit
1468 2432 1542 2494 ab
1582 2442 1768 2494 aestu.

321 2514 462 2576 Mox
504 2516 739 2596 plenum
777 2517 1021 2579 Phoebo
1062 2527 1256 2580 vatem
1298 2528 1359 2579 et
1403 2518 1671 2579 celerare
1710 2515 2002 2578 iubentem

185 2599 361 2661 Nunc
400 2601 629 2662 humilis
671 2619 864 2680 genua
902 2602 1262 2682 amplectens
1282 2648 1300 2680 ‚
1341 2621 1495 2663 nunc
1533 2620 1637 2663 ora
1681 2604 1942 2663 canentis
2083 2615 2188 2670 625

185 2683 247 2746 N
249 2686 592 2766 equiequam
633 2688 888 2748 reticere
932 2697 1134 2765 rogan
1172 2688 1285 2748 iam
1326 2687 1476 2749 fama
1509 2695 1796 2748 sacratam

186 2769 417 2831 Vocem
460 2771 727 2851 amplexa
762 2771 954 2848 volat,
999 2772 1367 2852 clamantque
1412 2771 1651 2833 oracula
1695 2770 1953 2834 Thebae.

312 2854 509 2932 Nunc,
556 2873 704 2934 age,
743 2858 872 2935 quis
920 2857 1182 2917 stimulos
1225 2867 1286 2918 et
1325 2857 1607 2936 pulchrae
1650 2856 1862 2934 gaudia
1904 2859 2105 2917 mortis

185 2939 497 3001 Addiderit
538 2941 733 3002 iuveni
772 2974 857 2988 —-
895 2958 1089 3021 neque
1133 2943 1285 3007 enim
1324 2941 1474 3002 haec
1515 2940 1850 3003 absentibus
1886 2960 2152 3021 umquam

185 3024 357 3084 Mens
401 3024 616 3086 homini
659 3025 994 3087 transmissa
1038 3026 1196 3102 deis,
1244 3058 1331 3074 —-·
1369 3043 1593 3087 memor
1633 3027 1827 3106 incipe
1871 3024 2022 3103 Clio,
2082 3035 2190 3090 630

187 3109 445 3171 Saecula
489 3117 551 3170 te
587 3111 857 3191 quoniam
899 3128 1085 3191 penes
1123 3119 1183 3171 et
1222 3109 1450 3187 digesta
1491 3119 1769 3172 vetustas.

318 3192 469 3255 Diva
502 3193 659 3256 lovis
703 3195 857 3257 solio
896 3196 1056 3257 iuxta
1097 3210 1330 3272 comes,
1375 3195 1528 3256 unde
1562 3213 1682 3278 -per
1716 3192 1941 3255 orbem·
2034 3229 2041 3235 -
2146 3232 2151 3239 ·

185 3277 346 3340 Rara
388 3277 513 3339 dari
552 3281 844 3359 terrisque
883 3280 1042 3340 solet
1084 3281 1427 3358 contingere
1467 3282 1670 3356 virtus,

187 3364 311 3424 Seu
359 3371 527 3442 pater
568 3365 935 3446 omnipotens
979 3364 1213 3441 tribuit,
1257 3367 1386 3426 sive
1429 3367 1557 3445 ipsa
1606 3381 1860 3444 capaces

185 3445 387 3527 Elegit
428 3457 745 3530 penetrare
784 3451 978 3527 viros,
1025 3449 1387 3513 coelestibus
1425 3459 1486 3513 ut
1523 3466 1676 3511 nunc
2086 3457 2189 3513 635
