2517 3909
863 594 956 677 P.
984 595 992 605 ’
1017 591 1440 679 ΡΑΡΙΝΠ
1497 583 1855 680 STATII
1956 607 1959 610 “

526 753 2215 863 THEBAIDOS

1001 945 1682 1022 LIBERIX.

354 1184 646 1313 Asperat
687 1235 912 1295 Aonios
954 1234 1153 1296 rabies
1194 1234 1387 1295 audita
1431 1235 1654 1294 cruenti

358 1320 630 1397 Tydeos;
675 1321 790 1399 ipsi
834 1320 1006 1379 etiam
1045 1321 1229 1380 minus
1275 1320 1615 1397 ingemuere
1655 1319 1941 1380 iacentem

358 1403 669 1465 Inachidae
714 1404 1065 1484 culpantque
1107 1406 1292 1464 virum
1340 1413 1398 1464 et
1439 1405 1677 1482 rupisse*
1714 1411 2032 1483 queruntur

358 1489 472 1551 Fas
517 1488 660 1556 odii;
710 1489 846 1567 quin
886 1498 980 1565 te,
1027 1488 1230 1548 divum·
1264 1488 1748 1567 inplacidissime,
1796 1504 2149 1566 quamquam

358 1572 742 1651 Praecipuum
783 1581 918 1633 tunc
964 1573 1163 1634 caedis
1210 1590 1392 1652 opus,
1438 1572 1718 1649 Gradive,
1763 1571 2025 1648 furebaS,
2358 1587 2390 1639 5

360 1656 658 1717 Offensum
699 1658 911 1718 virtute
955 1658 1176 1734 ferunt,
1221 1676 1334 1718 nec
1379 1659 1636 1718 cominus
1680 1658 1866 1741 ipsum

358 1740 508 1816 Ora,
562 1741 666 1802 sed
712 1750 770 1801 et
814 1742 1079 1822 trepidos
1121 1751 1283 1802 retro
1329 1743 1572 1802 torsisse
1615 1742 1865 1821 iugale&

484 1824 645 1904 Ergo
692 1825 1054 1905 profanatum
1096 1825 1416 1906 Menalippi
1457 1826 1626 1886 funus
1677 1825 1895 1888 acerbo

356 1911 651 1987 Vulnere,
700 1928 814 1970 non
860 1911 987 1972 aliis
1033 1912 1208 1973 ultum
1253 1909 1528 1972 Cadmeia
1570 1910 1757 1990 pubes

354 1995 665 2074 Insurgunt
706 1996 982 2072 stimulis,
1029 2014 1197 2076 quam
1237 1997 1288 2055 si
1331 1996 1557 2056 turbata
1603 1996 1890 2074 sepulcris
2320 2014 2387 2066 10

360 2079 509 2140 Ossa
557 2090 779 2160 patrum
822 2083 1209 2160 monstrisque
1254 2080 1424 2142 datae
1468 2080 1800 2142 crudelibus
1844 2098 2047 2140 urnae.

354 2165 646 2226 Accendit
686 2183 794 2225 rex
836 2166 965 2245 ipse
1016 2183 1222 2244 super:
1288 2164 1716 2243 ‘Quisquamne
1757 2162 2024 2242 Pelasgis

355 2248 510 2309 Mitis
553 2249 740 2312 adhuc
782 2249 1185 2328 hominemque
1227 2248 1426 2327 gerit?
1483 2251 1594 2309 iam
1635 2248 1922 2310 morsibus
1966 2250 2139 2309 uncis
2182 2287 2274 2297 -—

355 2333 469 2394 Pro
514 2334 710 2395 furor!
773 2352 958 2413 usque
1006 2335 1155 2394 adeo
1200 2334 1317 2394 tela
1363 2333 1774 2395 exatiavimus!
1821 2368 1906 2381 —-·
1955 2342 2124 2394 artus

351 2418 709 2480 Dilacerant.
798 2417 1006 2479 Nonne
1047 2418 1332 2494 Hyrcanis
1378 2416 1603 2478 bellare
1647 2419 1860 2498 putatis
2312 2435 2378 2487 15
2490 2455 2491 2502 j

281 2541 285 2546 ⁴
357 2501 661 2580 Tigribus,
710 2512 805 2564 aut
851 2521 1064 2564 saevos
1104 2502 1324 2578 Libyae
1372 2510 1572 2563 contra
1609 2504 1695 2563 ire
1736 2499 1994 2564 leones?

352 2585 429 2646 Et
473 2604 623 2647 nunc
673 2588 773 2648 ille
819 2588 973 2648 iacet
1016 2620 1098 2634 ——·
1139 2587 1383 2666 pulchra
1427 2603 1462 2645 o
1507 2586 1715 2648 solatia
1759 2587 1892 2648 leti!
1937 2620 2024 2632 -—-

352 2668 472 2730 Ore
518 2679 724 2731 tenens
767 2672 981 2733 hostile
1029 2680 1236 2751 caput,
1299 2670 1569 2749 dulcique
1612 2670 1896 2732 nefandus

353 2754 660 2815 Inmoritur
703 2755 875 2827 tabo;
924 2774 1032 2816 nos
1077 2756 1293 2816 ferrum
1334 2756 1473 2815 mite
1510 2756 1816 2835 facesque,

353 2839 479 2900 Illis
524 2839 675 2900 nuda
719 2839 883 2917 odia,
931 2849 989 2901 et
1032 2840 1236 2901 feritas
1282 2840 1393 2900 iam
1433 2858 1549 2900 non
1592 2849 1731 2918 eget
1770 2841 1961 2901 armis.
2298 2853 2371 2907 20

356 2925 455 2985 Sic
497 2933 778 3003 peragant
821 2924 1005 2985 rabidi
1050 2924 1326 3003 claraque
1369 2924 1479 2985 hac
1522 2924 1655 2985 luce
1698 2924 1979 3001 fruantur,
2088 2931 2095 2938 ’

353 3008 502 3069 Dum
533 3007 735 3068 videas
770 3007 948 3084 haec,
994 3027 1211 3068 summe
1244 3017 1437 3088 pater;
1481 3009 1588 3069 sed
1619 3011 1770 3070 enim
1798 3009 2032 3069 hiscere
2066 3027 2316 3090 campos

356 3093 678 3172 Conquesti
718 3102 1028 3171 terraeque
1071 3094 1267 3171 fugam
1310 3094 1686 3164 miserantur;
1739 3111 1809 3154 an
1851 3095 2000 3153 istos

350 3177 466 3237 Vel
508 3196 610 3239 sua
648 3186 843 3257 portet
882 3175 1165 3237 humus?'
1244 3177 1455 3254 Magno
1501 3178 1586 3238 sic
1627 3177 1781 3238 fatus
1824 3177 2038 3256 agebat

351 3260 642 3321 Procursu
686 3262 1031 3341 fremituque
1072 3263 1267 3338 viros,
1323 3262 1485 3322 furor
1530 3263 1792 3323 omnibus
1835 3263 1985 3323 idem
2134 3308 2142 3314 -
2290 3276 2361 3328 25

352 3344 588 3419 Tydeos
632 3348 801 3406 invisi
853 3346 1057 3425 spoliis
1099 3354 1386 3424 raptoque
1430 3348 1604 3425 potiri

352 3425 655 3507 Corpore3
701 3446 818 3490 non
861 3431 1029 3490 aliter
1071 3427 1383 3490 subtexunt
1426 3440 1582 3492 astra
1626 3439 1897 3491 catervae
