2517 3909
919 155 1319 207 THEBAIDOS
1357 157 1496 206 LIB.
1532 158 1627 207 IV.
2189 150 2270 210 77

271 310 683 391 Parrhasiique
719 311 934 389 duces,
984 323 1043 374 et
1086 331 1238 392 quae
1279 313 1521 393 risistis‚
1559 313 1832 392 Amores,

273 397 453 460 Grata
496 398 845 477 pharetrato.
871 397 1163 460 Nonacria
1205 418 1339 460 rura
1384 398 1652 476 Tonanti,

268 481 459 544 Dives
502 492 563 543 et
604 480 1004 544 Orchomenos
1044 501 1326 563 pecorum
1367 493 1429 545 et
1466 482 1770 561 Cynosura
1807 482 2080 546 ferarum.
2168 493 2273 550 295

271 567 566 646 Aegytios
602 568 758 629 idem
797 569 973 631 ardor
1015 585 1193 646 agros
1237 578 1297 629 et
1339 568 1631 649 Psophida
1665 568 1888 629 celsam

270 651 483 713 Vastat
524 661 585 712 et
620 651 915 714 Herculeo
951 653 1220 730 vulgatos
1262 653 1480 715 robore
1523 662 1751 714 montes

267 736 824 816 monstriferumque
862 736 1256 815 Erymanthon
1299 747 1357 799 et
1399 740 1727 800 aerisonum
1768 713 2168 818 Stymphalon.

397 821 666 882 Arcades
709 822 801 891 hi;
846 840 995 901 gens
1038 841 1152 886 una
1190 824 1366 900 viris,
1409 824 1518 884 sed
1561 823 1797 888 dissona
1848 823 2006 886 cultu

274 906 601 977 Scinditur;
649 908 707 967 hi
747 906 996 987 Paphias
1034 916 1255 984 myrtos
1297 926 1331 968 a
1375 909 1558 988 stirpe
1593 917 1907 970 recurvant
2165 919 2271 976 300

267 989 352 1054 Et
392 991 672 1071 pastorali
712 993 1058 1053 meditantur
1099 993 1328 1072 proelia
1371 1002 1601 1070 traam,

269 1076 377 1137 His
421 1094 624 1152 arcus,
666 1075 756 1137 his
791 1077 913 1137 tela
957 1076 1166 1154 sudes,
1211 1077 1303 1138 his
1346 1077 1573 1138 cassida
1617 1078 1810 1140 crines

269 1160 516 1238 Integit;
560 1159 800 1222 Arcadii
835 1178 1062 1228 morem
1099 1170 1264 1223 tenet
1306 1162 1408 1224 ille
1450 1161 1670 1241 galeri:

271 1244 386 1307 Ille
427 1244 754 1321 Lycaoniae
794 1247 943 1306 rictu
988 1255 1161 1326 caput
1204 1255 1442 1326 asperat
1484 1265 1678 1308 ursae.

401 1327 525 1390 Hos
567 1328 712 1390 belli
746 1340 956 1391 coetus
994 1333 1296 1411 iurataque
1341 1340 1589 1411 pectora
1630 1330 1798 1392 Marti
2164 1339 2268 1395 305

268 1412 456 1475 Milite
497 1415 726 1475 vicinae
767 1415 929 1477 nullo
974 1417 1176 1477 iuvere
1213 1415 1522 1493 Mycenae.

263 1498 576 1562 Funereae
621 1508 736 1559 tum
769 1518 1015 1580 namque
1058 1500 1243 1580 dapes
1280 1502 1571 1580 mediique
1609 1517 1883 1560 recursus

270 1583 466 1662 Solis,
509 1593 568 1644 et
610 1583 705 1645 hic
746 1585 845 1646 alii
886 1585 1210 1646 miscebant
1253 1584 1483 1665 proelia
1520 1585 1752 1646 fratres.

399 1668 637 1748 Iamque
678 1667 1053 1730 Atalantaeas
1088 1668 1339 1749 inplerat
1373 1671 1598 1730 nuntius
1642 1686 1815 1729 aures

268 1754 369 1816 Ire
410 1753 617 1814 ducem
657 1752 820 1814 bello
856 1762 1152 1835 totamque
1195 1753 1484 1834 inpellere
1520 1762 1713 1815 natum
2163 1763 2268 1817 310

268 1837 609 1909 Arcadiam
655 1847 947 1899 tremuere
989 1839 1237 1917 gradus,
1279 1839 1597 1918 elapsaque
1634 1839 1790 1899 iuxta

273 1922 453 1992 Tela3
498 1922 648 2001 fugit
685 1923 867 1984 silvas
911 1924 1208 2003 pernicior
1248 1924 1389 1985 alite
1427 1932 1604 1984 vento

272 2010 434 2071 Saxa
474 2025 590 2087 per.
621 2016 681 2069 et
720 2007 912 2088 plenis
951 2007 1239 2070 obstantia
1277 2009 1505 2070 flumina
1546 2008 1712 2088 ripis,

272 2091 484 2168 Qualis
524 2101 678 2169 erat,
725 2102 999 2173 correpta
1042 2094 1201 2155 sinus
1245 2102 1306 2154 et
1347 2095 1573 2154 vertice
1617 2092 1825 2154 flavum

273 2176 510 2238 crinem
551 2194 757 2257 sparsa
796 2188 967 2248 noto;
1013 2180 1194 2259 raptis
1236 2177 1398 2240 velut
1430 2195 1643 2258 aspera
1685 2181 1833 2240 natis
2165 2189 2267 2244 315

268 2261 644 2324 Praedatoris
688 2264 823 2342 equi
867 2265 1130 2343 sequitur
1166 2257 1418 2341 vestigia
1461 2264 1647 2341 tigris.

395 2345 474 2407 Ut
513 2348 673 2407 stetit
708 2347 1089 2428 adversisque
1131 2350 1356 2428 inpegit
1398 2357 1643 2427 pectora
1683 2348 1901 2425 fream,
1948 2380 2033 2395 --·

269 2431 388 2493 Ille
425 2432 498 2492 ad
534 2431 762 2492 humum
801 2432 1031 2512 pallens
1070 2456 1189 2494 ——2
1234 2432 1427 2493 ‘Unde
1470 2432 1620 2494 haec
1660 2432 1966 2494 furibunda
2008 2434 2244 2513 cupido,

268 2515 456 2594 Nate,
499 2513 648 2577 tibi?
688 2525 1012 2596 teneroque
1052 2518 1206 2579 unde
1241 2516 1487 2597 inproba
1531 2526 1777 2596 pectore
1818 2514 2041 2579 virtus?

271 2600 363 2662 Tu
403 2599 578 2661 bellis
623 2610 824 2680 aptare
865 2600 1058 2678 viros,
1103 2612 1164 2663 tu
1204 2601 1470 2682 pondera
1508 2601 1666 2662 ferre
2165 2612 2271 2668 am

268 2684 473 2747 Martis
516 2694 576 2748 et
613 2686 902 2748 ensiferas
936 2689 1088 2748 inter
1121 2696 1297 2766 potes
1339 2687 1427 2746 ire
1471 2683 1787 2748 catervas?

276 2769 638 2850 Quamquam
680 2772 896 2832 utinam
938 2771 1126 2832 vires!
1168 2787 1359 2851 nuper
1400 2781 1459 2832 te
1500 2770 1717 2850 pallida
1760 2773 1898 2849 vidi,

269 2855 426 2916 Dum
464 2857 682 2935 premis
725 2856 948 2917 obnixo
979 2855 1266 2918 venabula
1309 2857 1570 2917 cominus
1613 2871 1780 2937 apro,

268 2938 506 3020 Poplite
550 2941 829 3002 succiduo
872 2942 1207 3021 resupinum
1248 2960 1319 3003 ac
1360 2955 1551 3022 paene
1593 2950 1875 3024 ruentem,

270 3022 353 3086 Et
394 3025 453 3085 ni
498 3034 735 3086 curvato
774 3027 1081 3087 torsissem
1122 3025 1348 3106 spicula
1390 3041 1592 3101 cornu,
1634 3059 1720 3074 ——·
2167 3033 2270 3087 325

271 3107 445 3169 Nunc
482 3110 580 3170 ubi
622 3109 779 3172 bella
818 3098 966 3171 tibi?
1008 3110 1104 3171 Nil
1145 3120 1204 3171 te
1244 3129 1376 3173 mea
1417 3110 1537 3172 tela
1574 3112 1866 3186 iuvabunt‚

269 3191 405 3254 Nec
440 3203 663 3255 teretes
702 3213 906 3272 arcus,
953 3195 1194 3257 maculis
1236 3210 1352 3256 nec
1395 3196 1653 3257 discolor
1678 3197 1826 3257 atris

272 3276 421 3355 llic,
470 3280 563 3340 cui
607 3279 769 3356 fidis,
817 3298 1029 3359 equus;
1072 3282 1296 3358 magnis
1332 3280 1635 3342 conatibus
1679 3282 1881 3356 inme,

271 3361 393 3423 Vix
431 3362 725 3440 Dryadum
767 3364 1030 3426 thalamis
1074 3363 1697 3444 Erymanthiadumque
1741 3365 1922 3425 furori

274 3446 671 3530 Nympharum
713 3459 937 3512 mature
977 3467 1143 3531 puer.
1234 3450 1379 3513 Sunt
1424 3450 1614 3513 omina
1648 3466 1809 3511 vera.
2169 3455 2275 3512 330
