2517 3909
835 154 1179 212 EDITORIS
1217 155 1654 213 PRAEFATIO.
2146 158 2249 214 XV

198 301 424 366 silium
477 300 735 367 iniisset
806 301 1087 368 Statium
1149 301 1338 366 novis
1405 302 1574 367 curis
1643 323 1978 368 recensere
2037 325 2246 369 emen-

201 389 356 455 dare
423 383 762 455 illustrare*
831 389 941 476 (cf.
1004 390 1143 456 eius
1215 389 1584 457 Observatt.
1646 392 1846 458 critic.
1916 392 1987 457 in
2052 391 2244 457 Statii

202 477 439 544 Achill.
513 479 809 565 Gotting.
884 480 1058 545 1814
1118 500 1183 563 p.
1243 478 1344 566 4),
1406 483 1637 564 postea
1700 480 2025 565 gymnasii
2090 480 2246 546 Bre-

200 568 446 633 mensis
522 568 804 635 director
881 570 1092 634 factus
1156 569 1495 654 proposito
1571 569 1898 635 destitisse
1972 569 2244 635 videtur.

200 656 670 741 Amplissimas
723 659 882 740 vir‘b
904 657 1267 724 doctissimi
1322 658 1590 723 schedas
1658 656 2022 743 StatianaS‚
2080 681 2244 744 quae

199 746 395 811 hodie
423 745 494 811 in
530 747 689 813 bibl.
726 746 1170 814 universitatis
1200 746 1777 832 Argentoratensis
1807 751 2240 834 asservantur,

202 835 632 920 explorandas
675 836 1127 902 liberalissime
1173 836 1335 902 mihi
1381 837 1702 902 concessit
1745 836 2122 903 Barackius.

381 924 617 989 Restat
641 928 717 991 ut
753 926 845 991 eis
875 925 1035 990 viris
1083 925 1194 1010 qui
1237 925 1309 990 in
1334 925 1459 991 hoc
1505 927 1816 1010 opusculo
1846 925 2238 1011 perficiendo

202 1036 308 1078 me
365 1014 757 1080 adiuverunt
810 1014 1059 1100 gratias
1116 1034 1309 1100 agam
1355 1036 1551 1100 quam
1595 1015 1933 1081 maximas.
2023 1014 2241 1101 Atque

204 1102 501 1168 omnium
529 1104 810 1169 maxime
840 1104 1020 1170 Aem.
1047 1102 1471 1170 Baehrensius
1499 1103 1968 1191 Groningensis
2000 1104 2241 1189 optime

202 1192 286 1257 de
330 1192 456 1258 hac
490 1214 638 1258 mea
665 1193 949 1258 editione
986 1193 1253 1258 meritus
1285 1197 1411 1277 est,
1458 1195 1694 1279 quippe
1723 1195 1833 1279 qui
1860 1216 1997 1260 non
2025 1196 2240 1260 solum

197 1281 272 1346 in
316 1281 601 1368 plagulis
648 1282 1044 1368 corrigendis
1091 1282 1518 1350 libentissime
1564 1284 1726 1349 mihi
1773 1283 2079 1363 adfuerit,
2128 1284 2243 1348 sed

197 1370 404 1437 etiam
450 1372 844 1438 coniecturas
881 1393 1022 1448 non
1049 1393 1290 1456 paucas
1330 1372 1734 1440 acutissimas
1772 1394 2025 1440 mecum
2067 1394 2237 1439 com-

199 1459 647 1526 municaverit.
703 1460 872 1525 Tum
920 1460 1247 1527 codicibus
1293 1461 1745 1530 liberalissime
1789 1463 2235 1530 transmitten-

200 1550 303 1614 dis
350 1570 454 1613 me
502 1550 627 1615 sibi
673 1549 1100 1615 devinxerunt
1131 1550 1536 1635 Pluyyersius
1580 1556 1777 1638 atque
1813 1552 2117 1618 Nicolaus
2153 1551 2240 1617 du

197 1638 369 1705 Rieu
393 1637 762 1725 Leidenses,
788 1638 1266 1707 Heinemannus
1287 1640 1958 1728 Wolfenbuttelensis,
1976 1640 2240 1707 L‘uebbe-

198 1749 324 1794 nus
372 1726 944 1814 Oldenburgensis.

297 1868 679 1937 Scribebam
723 1870 1010 1938 Emdae
1056 1893 1279 1938 mense
1323 1872 1627 1939 Ianuario
1677 1895 1733 1938 a.
1785 1873 1975 1939 1879.
