2517 3909
853 155 858 162 ’
898 159 1273 218 SILUARUM
1309 162 1373 217 L.
1411 160 1508 232 111,
1546 168 1596 219 4.
2243 161 2328 227 87

176 308 439 374 Dicitur
483 305 729 372 Idalios
775 305 1005 391 Erycis
1053 305 1131 370 de
1176 307 1418 373 uertice
1462 308 1642 374 lucos

178 396 359 462 Dum
403 396 575 481 petit
620 399 686 461 et
729 395 957 461 molles
1005 395 1215 481 agitat
1259 394 1486 461 Uenus
1532 418 1728 462 aurea
1774 417 2042 482 cygnos,

177 485 577 571 Pergameas
623 485 905 550 intrasse
951 483 1197 569 domos,
1243 484 1356 549 ubi
1398 485 1717 551 maximus
1764 487 1977 572 aegris

178 573 553 640 Auxiliator
595 574 780 640 adest
824 576 891 638 et
932 573 1316 640 festinantia
1363 573 1597 640 sistens
2066 619 2093 645 0

176 661 345 729 Fata
390 664 730 729 salutifero
777 662 957 728 mitis
1003 662 1161 727 deus
1206 662 1475 728 incubat
1520 664 1736 750 angui.
2256 678 2325 729 25

178 749 303 818 Hic
348 774 625 838 puerum
662 751 963 837 egregiae
1007 751 1416 836 praeclarum
1463 752 1667 817 sidere
1713 752 1962 818 formae

176 840 394 926 Ipsius
446 846 599 907 ante
643 841 748 906 dei
793 840 1121 906 ludentem
1168 840 1487 925 conspicit
1532 863 1694 906 aras.

178 930 275 995 Ac
324 931 611 1015 primum
658 930 873 995 subita
916 930 1185 1014 paulum
1228 928 1500 1014 decepta
1544 930 1756 1015 figura

175 1018 505 1085 Natorum
548 1019 627 1084 de
670 1019 859 1104 plebe
902 1021 1120 1104 putat3
1169 1018 1283 1083 sed
1328 1040 1466 1084 non
1511 1023 1653 1084 erat
1695 1019 1793 1083 illi

175 1107 389 1174 Areus
439 1112 505 1173 et
550 1123 629 1173 ex
671 1107 958 1173 humeris
1002 1107 1224 1173 nullae
1268 1105 1673 1193 fulgentibus
1718 1108 2005 1175 umbrae.
2258 1125 2326 1174 30

179 1196 462 1262 Miratur
503 1197 751 1283 puerile
797 1196 992 1262 decus
1038 1196 1420 1281 uultumque
1467 1217 1811 1282 comasque

176 1286 520 1372 Aspiciens
570 1286 749 1352 ‘tune
794 1284 1150 1352 Ausonias'
1199 1286 1294 1351 ait
1338 1284 1489 1350 ‘ibis
1536 1286 1617 1351 ad
1664 1284 1869 1372 arces,

174 1373 532 1461 Neglectns
577 1374 861 1441 Ueneri?
907 1378 983 1440 tu
1029 1374 1292 1440 sordida
1333 1377 1506 1440 tecta
1551 1375 1900 1461 iugumque

149 1462 446 1531 .Seruitii
488 1466 759 1567 uulgare
805 1464 1021 1530 feres‘s>
1082 1464 1311 1548 procul
1357 1463 1557 1529 absit.
1605 1484 1727 1549 ego
1771 1464 1902 1548 isti,

176 1552 385 1630 Quem
412 1554 669 1639 meruit,
694 1553 946 1619 formae
974 1552 1313 1618 dominum
1340 1552 1529 1618 dabo.
1575 1553 1738 1618 uade
1766 1573 1887 1639 age
1915 1574 2187 1639 mecum,
2258 1568 2328 1620 35

175 1640 380 1727 Uade,
426 1664 620 1727 puer:
666 1642 897 1708 ducam
941 1641 1192 1707 uolucri
1235 1661 1354 1726 per
1398 1641 1610 1707 sidera
1656 1664 1847 1708 curru
1899 1696 1905 1704 .

172 1729 446 1797 Donum
488 1732 749 1796 inmane
795 1731 973 1815 duci3
1019 1751 1140 1795 nee
1182 1733 1250 1795 te
1296 1729 1550 1814 plebeia
1594 1731 1957 1797 manebunt

170 1819 353 1886 Iura:
400 1819 700 1887 Palatino
744 1820 1029 1886 famulus
1077 1818 1329 1885 deberis
1376 1820 1599 1885 amori.

175 1907 292 1974 Nil
339 1930 483 1994 eg0‚
528 1910 641 1994 nil,
685 1909 915 1994 fateor,
958 1913 1098 1974 toto
1144 1912 1282 1975 tam
1327 1909 1512 1973 dulce
1560 1907 1681 1973 sub
1729 1908 1925 1974 orbe

173 1998 314 2063 Aut
360 1998 499 2063 uidi
544 2002 659 2064 aut
703 1998 918 2084 genui.
982 1998 1173 2063 cedat
1212 1998 1336 2063 tibi
1381 1996 1674 2063 Latmius
1719 1997 1891 2062 ultro
2259 2012 2330 2063 40

175 2084 666 2174 Sangariusque
711 2108 870 2172 puer
916 2107 1235 2171 quemque
1281 2088 1469 2153 irrita
1513 2086 1715 2152 fontis
1761 2086 1979 2172 imago

175 2175 266 2243 Et
314 2176 560 2242 sterilis
606 2176 1010 2260 consumpsit
1055 2196 1254 2241 amor.
1325 2179 1394 2240 te
1440 2175 1695 2240 caerula
1738 2174 1902 2241 Nais

173 2264 409 2332 Mallet
453 2268 521 2329 et
565 2285 890 2350 apprensa
933 2265 1241 2329 traxisset
1284 2263 1520 2330 fortius
1565 2286 1748 2331 urna.

176 2353 296 2439 Tu,
340 2375 523 2440 puer,
570 2358 722 2419 ante
769 2353 1010 2438 omnis3
1056 2354 1234 2419 solus
1280 2352 1629 2420 formosior
1674 2353 1803 2437 ille,

177 2440 303 2510 Cui
348 2442 651 2508 daberis?
717 2443 813 2508 sic
859 2464 1008 2509 orsa
1053 2443 1231 2507 leues
1279 2464 1498 2508 secum
1544 2442 1689 2526 ipsa
1732 2463 1849 2526 per
1895 2465 2086 2508 auras
2253 2457 2327 2508 45

175 2532 387 2598 Tollit
433 2532 821 2617 olorinaque·
853 2531 1036 2597 iubet
1081 2531 1417 2598 considere
1463 2531 1634 2616 biga.
2268 2531 2271 2534 ’

174 2620 241 2687 N
240 2643 316 2687 ec
360 2643 568 2688 mora.
636 2621 771 2686 iam
816 2619 990 2686 Latii
1036 2623 1290 2687 montes
1336 2621 1700 2705 ueterisque
1746 2625 2015 2705 penates

177 2710 495 2790 Euandri,
544 2732 707 2796 quos
755 2711 924 2775 mole
968 2729 1142 2775 noua
1186 2712 1375 2794 pater
1418 2709 1683 2774 inclitus
1728 2709 1908 2775 urbis

175 2798 442 2867 Excolit
485 2802 554 2864 et
599 2799 869 2864 summis
918 2802 1155 2884 aequat
1198 2796 1621 2863 Germanicus
1669 2797 1881 2863 astris.

178 2889 363 2955 Tunc
406 2888 675 2975 propior
718 2888 853 2953 iam
898 2908 1052 2952 cura
1096 2887 1271 2971 deae,
1316 2909 1480 2972 quae
1523 2887 1737 2953 forma
1783 2886 2034 2972 capillis
2260 2903 2328 2955 50

176 2977 465 3065 Optima,
512 2999 676 3063 quae
721 2977 924 3044 uestis
969 2997 1191 3042 roseos
1239 2976 1589 3042 accendere
1636 2977 1857 3044 uultus

320 3299 393 3352 28
431 3293 646 3368 subita]
667 3293 840 3350 dubia
866 3293 1167 3358 Halmium
1201 3293 1394 3348 malim
1420 3291 1647 3362 nitidafl
1674 3298 1742 3348 39
1772 3294 1893 3347 tam
1922 3296 1986 3347 ς.
2022 3292 2139 3347 iam
2165 3296 2212 3345 Δ
2239 3298 2275 3345 c

178 3371 248 3421 40
286 3366 526 3422 cedata
537 3366 751 3422 .cedet
786 3371 822 3418 c
860 3365 1063 3421 cedant
1099 3364 1372 3420 Heinsms
1403 3365 1411 3433 Ι
1442 3363 1646 3419 lamius
1683 3367 1747 3432 Δ,
1782 3364 1867 3418 ita
1901 3364 1992 3418 uel
2025 3362 2209 3419 lanius
2238 3368 2274 3415 c
2311 3292 2329 3430 Η

179 3442 248 3493 47
285 3438 620 3508 ueteresque
656 3443 692 3491 0
729 3455 779 3508 a,
816 3452 955 3493 corr.
992 3436 1267 3493 Barthim
1293 3437 1313 3507 u
1340 3439 1409 3490 48
1447 3434 1599 3489 urbis
1639 3439 1673 3490 ς
1713 3451 1775 3487 a:
1814 3432 1963 3489 orbis
2001 3439 2037 3485 c
