2517 3909
825 116 1246 166 mammos-
1270 117 1410 167 ms.
1438 119 1520 166 .x.
2058 106 2180 170 229

170 271 297 332 Aut
334 287 481 350 quos
525 269 745 348 Ingenti
781 282 1007 351 premat
1049 283 1363 354 expectata
1406 272 1653 354 rapina?

308 355 597 416 Hactenus
640 373 817 432 arma,
860 357 1035 419 tubae
1079 359 1413 438 ferrumque
1454 370 1518 421 et
1559 359 1834 431 vulnera;
1883 361 1989 421 sed
2028 379 2181 421 nunc

173 439 454 501 Cominus
503 442 827 518 astrigeros
862 440 1170 522 Capaneus
1211 444 1508 506 tollendus
1553 445 1613 504 in
1657 463 1822 506 axes.

168 525 312 587 Non
354 525 489 586 mihi
533 526 648 593 iam*
681 526 857 586 solito
899 537 1091 588 vatum
1136 529 1210 589 de
1254 545 1420 588 more
1456 529 1799 607 canendum,

169 609 367 671 Maior
407 611 480 671 ab
520 610 727 670 Aoniis
768 612 1047 674 sumenda
1088 613 1329 674 andacia
1376 614 1546 676 lucis.
2076 624 2185 678 830

171 694 408 762 Uecum
451 711 653 755 omnes
698 695 907 756 audete
949 696 1132 772 deae,
1175 700 1304 757 sive
1347 699 1448 759 ille
1488 698 1776 777 profunda

170 779 392 840 Missus
435 788 608 839 nocte
651 779 844 857 furor,
884 778 1283 861 Capaneaque
1319 785 1486 861 signa
1530 792 1770 843 secutae

170 864 356 924 Arma
400 862 598 924 lovem
641 874 842 925 contra
886 866 1126 943 Stygiae
1170 885 1421 946 rapuere
1466 885 1727 942 sorores,

173 949 300 1009 Seu
345 948 528 1009 virtus
572 966 814 1027 egressa
850 950 1115 1027 modum,
1159 969 1268 1012 seu
1309 952 1500 1031 gloria
1542 969 1858 1031 praecepS,

173 1033 301 1093 Seu
338 1051 582 1111 magnae
624 1033 756 1094 data
799 1034 949 1095 fama
988 1037 1158 1114 neci,
1199 1052 1304 1096 seu
1347 1037 1504 1097 laeta
1540 1036 1820 1097 malorum
2073 1046 2181 1100 835

171 1118 468 1197 Principia
506 1127 564 1178 et
602 1117 851 1179 blandae
896 1136 1169 1198 superum
1208 1120 1551 1182 mortalibus
1595 1123 1739 1181 irae.

304 1202 424 1263 Iam
467 1201 703 1263 sordent
742 1211 977 1265 terrena
1019 1206 1147 1265 viro
1193 1206 1505 1285 taedetque
1545 1206 1871 1286 profundae

174 1286 427 1363 Caedis,
472 1297 531 1347 et
575 1287 870 1348 exhaustis
912 1288 1051 1349 olim
1095 1288 1443 1370 Graiumque
1488 1293 1728 1370 suisque

169 1370 494 1432 Missilibus
537 1372 694 1433 lassa
738 1375 1004 1452 respexit
1041 1374 1100 1434 in
1140 1375 1383 1436 aethera
1418 1375 1644 1437 dextra.

169 1456 377 1517 Ardua
419 1474 555 1517 mox
595 1466 766 1517 torvo
809 1460 1040 1519 metitur
1083 1458 1333 1521 culmina
1370 1461 1520 1538 visu,
2072 1468 2181 1522 840

169 1540 631 1620 Innumerasque
676 1543 892 1619 gradus
930 1543 1158 1621 gemina
1204 1543 1355 1604 latus
1398 1545 1614 1606 arbore
1655 1545 1854 1606 clusus

170 1626 416 1685 Aetium
458 1627 569 1687 sibi
611 1636 806 1705 portat
850 1629 998 1704 iter,
1037 1627 1336 1706 longeque
1378 1630 1666 1691 timendus

170 1709 512 1771 multifidam
548 1728 824 1790 quercum
865 1711 1132 1789 flagranti
1173 1711 1385 1772 lumine
1427 1713 1635 1774 vibrat.

175 1794 354 1855 Arma
392 1794 599 1856 rubent
636 1813 749 1856 una
792 1796 1105 1876 clipeoque
1150 1797 1472 1859 incenditur
1511 1798 1682 1876 ignis.

178 1878 360 1952 ‘Hac,
400 1882 509 1955 ait,
555 1880 612 1940 in
650 1879 919 1957 Thebas,
963 1881 1076 1943 hac
1115 1899 1209 1941 me
1254 1882 1414 1943 iubet
1457 1884 1636 1944 ardua
1679 1884 1862 1944 virtus
1983 1936 1989 1942 .
2068 1889 2174 1944 845

172 1963 301 2040 lre,
345 1962 673 2025 Menoeceo
712 1983 824 2045 qua
869 1965 1091 2027 lubrica
1136 1968 1415 2045 sanguine
1458 1970 1653 2028 turris.

170 2047 496 2128 Experiar,
544 2050 677 2128 quid
717 2068 886 2112 sacra
929 2052 1159 2129 iuvent,
1204 2070 1279 2113 an
1319 2052 1502 2113 falsus
1538 2052 1803 2132 Apollo.'

303 2132 493 2210 Dixit,
532 2144 593 2194 et
632 2135 861 2196 alterno
906 2137 1137 2215 captiva
1177 2136 1235 2196 in
1275 2139 1506 2199 moenia
1549 2156 1760 2215 gressu

169 2218 377 2295 Surgit
417 2235 634 2295 ovans,
680 2219 887 2299 quales
921 2221 1127 2281 mediis
1170 2222 1227 2281 in
1267 2221 1511 2283 nubibus
1556 2223 1762 2287 aether

168 2301 352 2364 Vidit.
375 2300 652 2380 Aloidas,
693 2323 867 2384 quum
913 2316 1214 2367 cresceret
1254 2308 1409 2386 inpia
1446 2306 1624 2368 tellus
2070 2316 2178 2370 850

167 2387 545 2466 Despectura
581 2387 758 2466 deos,
803 2408 917 2450 nec
959 2390 1146 2451 adhuc
1190 2393 1414 2451 inmane
1456 2392 1684 2453 veniret

169 2472 382 2533 Pelion
426 2482 487 2532 et
522 2475 809 2552 trepidum
850 2476 962 2537 iam
1002 2483 1274 2554 tangeret
1322 2474 1472 2536 Ossa
1507 2475 1846 2537 Tonantem.

300 2555 442 2616 Tum
480 2574 624 2617 vero
668 2559 890 2619 attoniti
927 2559 1175 2620 fatorum
1216 2561 1275 2620 in
1320 2560 1552 2621 cardine
1597 2578 1838 2636 sumum,

174 2640 304 2701 Ceu
351 2660 618 2720 suprema
663 2643 793 2703 lues
825 2642 1028 2703 urbem
1066 2644 1412 2725 facibusque
1446 2648 1700 2707 cruentis

169 2726 514 2805 Aequatura
553 2727 685 2788 solo
723 2737 912 2788 turres
947 2728 1193 2790 Bellona
1233 2729 1479 2806 subiret,
2070 2740 2176 2794 855

172 2809 455 2871 Omnibus
501 2828 535 2870 e
576 2813 748 2872 tectis
792 2814 1054 2873 certatim
1096 2815 1351 2892 ingentia
1387 2832 1527 2875 saxa

167 2894 534 2974 Roboraque
576 2905 636 2956 et
670 2897 941 2974 gravidas
984 2898 1195 2959 fundae
1238 2898 1494 2959 balearis
1532 2897 1822 2975 habenas,
1861 2933 1945 2946 -

165 2978 322 3041 Nam
364 2979 570 3039 iaculis
619 2981 911 3060 coeloque
945 2983 1113 3060 vagis
1151 3001 1295 3062 spes
1330 2983 1483 3043 unde
1527 2980 1796 3061 sagittis?
1840 3017 1922 3030 ——·

169 3064 396 3123 Verum
439 3063 593 3124 avidi
638 3074 698 3125 et
740 3074 1026 3126 tormenta
1068 3075 1261 3127 rotant
1302 3075 1361 3127 et
1395 3067 1646 3128 molibus
1689 3075 1915 3145 urgent.

169 3147 285 3209 Ille
326 3166 439 3209 nec
482 3150 725 3227 ingestis
768 3168 881 3211 nec
917 3158 1086 3228 terga
1129 3152 1506 3230 sequentibus
1549 3169 1815 3232 umquam
2067 3160 2176 3217 860

169 3231 511 3294 Detrahitur
555 3234 724 3311 telis,
768 3251 1075 3313 vacuoque
1119 3235 1226 3296 sub
1273 3253 1412 3297 aere
1458 3238 1721 3316 pendens

167 3316 349 3378 Plana
392 3318 554 3379 velut
584 3328 742 3380 terra
786 3328 981 3380 certus
1013 3322 1266 3398 vestigia
1308 3321 1469 3399 ligat,

171 3400 384 3464 Tendit
420 3411 480 3463 et
522 3404 741 3482 ingenti
777 3403 930 3465 subit
968 3415 1318 3467 occurrente
1353 3408 1534 3467 ruina.
