2517 3909
362 122 484 188 244
1028 139 1091 186 P.
1139 138 1405 188 PAPmn
1446 139 1677 191 snm

362 296 703 357 Umbrarum
748 302 946 355 custos
985 295 1296 375 mundique
1335 298 1681 357 novissimus
1723 296 1899 356 heres
2269 308 2371 362 445

361 381 602 457 Palluit,
645 381 856 441 amisso
899 381 1140 440 veniens
1177 384 1233 440 in
1273 391 1485 443 tartara
1530 382 1722 442 coelo.
1980 421 1989 429 -

488 465 620 526 Non
656 474 846 526 tamen
881 464 1119 526 indulsit
1158 485 1422 544 pugnae,
1467 474 1848 546 cunctataque
1889 466 2078 544 primo

364 551 632 613 Substitit
671 553 728 611 in
765 551 1001 612 scelere
1043 560 1102 610 et
1146 552 1378 631 paulum
1419 551 1650 612 fortuna
1687 558 1909 611 morata
1948 559 2060 615 est.

362 636 461 696 Bis
508 654 713 697 cassae
757 637 989 715 periere
1028 637 1196 712 viae,
1242 636 1332 696 bis
1376 638 1633 696 cominus
1678 644 1845 696 actos

357 720 589 781 Avertit
624 720 810 781 bonus
855 738 1023 780 error
1065 738 1284 799 equos,
1330 739 1628 800 puraeque
1674 719 1906 780 nefandi
2266 730 2370 784 450

361 807 667 884 Sanguinis
712 805 963 884 obliquis
1007 805 1346 866 ceciderunt
1386 806 1596 866 ictibus
1639 804 1859 866 hastae.

361 890 625 953 Tendunt
665 890 830 951 frena
873 908 1039 950 manu
1084 899 1143 950 et
1186 891 1382 951 saevis
1427 890 1750 951 calcaribus
1791 898 2005 967 urgent

356 975 693 1045 Inmeritos;
736 984 932 1035 movet
975 984 1035 1035 et
1073 977 1332 1052 geminas
1376 974 1705 1035 miserabile
1750 974 1943 1035 divum

353 1060 685 1139 Prodigium
728 1070 976 1135 turmas,
1023 1059 1362 1139 alternaque
1404 1077 1687 1120 murmura
1724 1059 1968 1120 volvunt

355 1143 717 1222 Mussantes,
762 1148 973 1205 iterare
1018 1147 1232 1223 aciem,
1280 1161 1630 1224 procurrere
1669 1161 1850 1223 saepe
2263 1157 2367 1210 455

354 1228 594 1309 Inpetns
640 1239 699 1291 et
746 1239 925 1292 totum
968 1231 1195 1289 miseris
1239 1247 1543 1309 opponere
1586 1228 1818 1289 bellum.

482 1314 815 1377 Iamdudum
853 1316 1024 1374 terris
1070 1323 1360 1395 coetuque
1400 1314 1626 1374 offensa
1665 1314 1905 1373 deorum

355 1400 588 1461 Aversa
632 1399 787 1460 coeli
831 1399 1022 1459 Pietas
1065 1401 1121 1459 in
1165 1407 1331 1479 parte
1371 1398 1636 1474 sedebat,

354 1485 489 1546 Non
530 1484 759 1561 habitu,
807 1500 921 1562 quo
966 1493 1102 1543 nota
1143 1485 1335 1563 prius,
1381 1501 1496 1543 non
1533 1500 1637 1543 ore
1679 1500 1916 1560 sereno,

354 1569 476 1631 Sed
519 1570 675 1630 vittis
717 1576 893 1629 exuta
938 1586 1190 1646 comam,
1244 1568 1616 1647 fraternaque
1660 1566 1838 1643 bella,
2263 1582 2367 1636 460

356 1652 481 1714 Ceu
524 1670 697 1714 soror
735 1653 938 1713 infelix
979 1661 1328 1731 pugnantum
1371 1662 1468 1714 aut
1510 1653 1679 1714 anxia
1721 1661 1924 1726 mater,

351 1738 658 1814 Deflebat,
703 1755 1054 1816 saevumque
1097 1737 1298 1798 Iovem
1334 1737 1665 1815 Parcasque
1705 1745 1992 1797 nocentes

351 1822 737 1900 Vociferans,
784 1841 1039 1901 seseque
1082 1822 1235 1900 polis
1281 1832 1340 1882 et
1380 1822 1514 1882 luce
1557 1821 1763 1881 relicta

351 1908 781 1969 Descensuram
823 1906 1023 1967 Erebo
1062 1916 1122 1966 et
1161 1908 1400 1984 Stygios
1442 1907 1552 1965 iam
1589 1905 1763 1965 malle
1807 1916 2079 1985 penates.

358 1992 546 2067 ‘Quid
585 2011 710 2068 me,
755 1993 865 2065 ait,
908 2000 970 2053 ut
1012 1993 1205 2051 saevis
1244 1992 1586 2051 animantum
1624 2008 1694 2049 ac
1735 2004 1916 2069 saepe
1956 1991 2209 2053 deorum
2256 2003 2365 2057 465

356 2076 720 2138 Obstaturam
762 2078 996 2152 animis,
1048 2078 1324 2155 princeps
1366 2085 1599 2151 natura,
1649 2071 1942 2134 creabas?

353 2161 451 2222 Nil
491 2164 602 2221 iam
643 2178 757 2239 ego
798 2179 906 2240 per
944 2161 1229 2240 populos,
1282 2177 1560 2239 nusquam
1601 2161 1931 2220 reverentia
1974 2163 2184 2221 nostri.

357 2244 406 2304 Ο
444 2246 639 2321 furor,
693 2262 729 2305 o
770 2245 1031 2306 homines
1070 2245 1347 2324 diraeque
1389 2242 1770 2304 Prometheos
1810 2244 2000 2304 artes!

358 2329 545 2404 Quam
586 2330 739 2391 bene
782 2339 917 2408 post
956 2328 1233 2405 Pyrrham
1267 2328 1439 2388 tellus
1483 2337 1812 2407 pontusque
1848 2328 2168 2390 vacabant!

354 2415 447 2475 En
494 2416 737 2476 mortale
783 2413 1036 2492 genus!’
1115 2413 1307 2488 Dixit,
1354 2412 1772 2491 speculataque
1809 2422 2044 2491 tempus
2257 2422 2363 2479 470

357 2499 675 2559 ‘Auxilium
715 2508 1093 2576 temptemus,
1137 2499 1245 2574 ait,
1291 2498 1430 2557 licet
1475 2498 1641 2557 inrita
1685 2501 1912 2574 coner,’

350 2583 719 2662 Desiluitque
761 2582 935 2662 polo,
977 2584 1179 2643 niveus
1220 2581 1328 2642 sub
1371 2580 1618 2641 nubibus
1660 2582 1792 2642 altis

356 2667 713 2747 Quamquam
751 2676 977 2728 moesta
1017 2668 1165 2728 deae
1206 2667 1466 2745 sequitur
1506 2667 1754 2743 vestigia
1796 2666 1984 2726 limes.

354 2751 471 2811 Vix
517 2761 761 2813 steterat
805 2770 1045 2831 campo,
1091 2750 1280 2811 subita
1319 2768 1733 2812 mansuescere
1779 2769 1930 2829 pace

356 2837 600 2914 Agmina
645 2838 963 2915 sentirique
1005 2836 1199 2903 nefas;
1245 2844 1380 2895 tunc
1425 2851 1529 2894 ora
1569 2834 1912 2895 madescunt
2259 2845 2360 2902 475

353 2922 720 3000 Pectoraque
763 2929 822 2980 et
864 2921 1072 2980 tacitus
1115 2919 1411 2999 subrepsit
1451 2919 1723 2979 fratribus
1766 2919 1997 2980 horror.

354 3006 532 3066 Arma
577 3007 747 3066 etiam
786 3004 1045 3065 simulata
1085 3022 1302 3082 gerens
1346 3003 1650 3081 cultusque
1692 3005 1918 3081 viriles,

353 3089 521 3150 Nunc
560 3090 682 3166 his,
732 3105 882 3148 nunc
923 3088 1039 3149 illis
1087 3089 1322 3166 ‘Agite,
1365 3091 1479 3163 ite,
1526 3088 1824 3169 obsistite,
1869 3090 2105 3169 clamat,

356 3173 502 3246 Quis
544 3176 659 3234 nati
699 3172 1029 3252 fratresque
1072 3173 1258 3249 domi,
1307 3174 1433 3251 quis
1471 3174 1714 3251 pignora
1759 3183 1936 3235 tanta.

353 3257 457 3316 His
503 3274 736 3337 quoque
777 3273 969 3316 nonne
1015 3256 1205 3335 palam
1249 3265 1341 3316 est
1376 3256 1526 3316 ultro
1562 3259 1958 3319 miserescere
1989 3259 2204 3322 divos?
2259 3271 2361 3325 480

356 3339 504 3400 Tela
547 3341 789 3419 cadunt,
834 3348 1171 3401 cunctantur
1214 3343 1380 3419 equi,
1425 3339 1548 3403 fors
1591 3342 1723 3421 ipsa
1761 3351 2103 3423 repugnat?

483 3422 754 3507 Nonnihil
796 3425 1081 3504 inpulerat
1124 3423 1358 3504 dubios,
1403 3426 1460 3486 ni
1503 3435 1674 3490 torva
1712 3437 1978 3490 notasset
