2517 3909
879 139 1279 188 mammos
1322 140 1464 188 Lm.
1506 141 1660 190 vm.
2139 131 2254 194 173

261 296 477 358 Stravit
516 294 742 356 Abanta
783 294 1040 373 Pheres,
1088 295 1438 376 diversaque
1482 295 1726 358 vulnera
1767 297 1978 358 flentes

260 380 491 461 [Guttur
528 380 717 460 Iphis,
762 379 911 440 latus
953 381 1181 458 Argus,
1224 381 1389 442 Abas
1427 384 1484 441 in
1526 381 1719 441 fronte
1762 384 2077 465 cruorem,]

259 464 422 544 Iphis
466 483 684 544 equeS,
730 465 917 544 pedes
960 465 1190 543 ArguS,
1230 466 1394 527 Abas
1437 468 1637 543 auriga
1683 467 1971 529 iacebant.

259 548 568 610 Inachidae
611 550 825 627 gemini
860 551 1126 627 geminos
1170 569 1247 611 ex
1284 554 1564 629 sanguine
1610 547 1811 611 Cadmi

262 632 543 694 Occultos
587 634 776 712 galeis
818 668 904 681 —·-
942 652 1120 696 saeva
1160 638 1482 713 ignorantia
1523 634 1667 696 belli
1703 669 1786 680 --
2147 645 2255 699 450

248 718 639 779 “Perculerant
682 719 871 787 ferro;
916 719 1022 780 sed
1061 721 1193 781 dum
1233 720 1427 799 spolia
1471 721 1660 781 omnia
1702 721 1893 781 caesis

257 801 559 883 Eripiunt,
604 804 808 865 videre
853 804 1050 881 nefas,
1099 814 1157 865 et
1200 814 1459 865 moestus
1500 813 1747 884 uterque

257 885 526 967 Respicit
567 888 638 948 ad
667 889 903 950 fratrem
943 890 1277 969 pariterque
1316 905 1553 950 errasse
1592 898 1924 969 queruntur.

261 971 467 1034 Cultor
509 971 614 1032 Ion
655 972 858 1049 Pisae,
899 973 1183 1034 cultorem
1218 973 1505 1054 Daphnea
1547 972 1807 1049 Cyrrhae

261 1056 531 1117 Turbatis
561 1059 875 1137 prostravit
917 1060 1114 1136 equis;
1160 1059 1312 1119 hunc
1348 1060 1541 1120 laudat
1584 1057 1658 1120 ab
1701 1059 1818 1118 alto
2147 1065 2249 1121 455

181 1183 190 1190 -
255 1141 553 1223 Iuppiter,
599 1142 749 1202 hunc
791 1142 989 1203 tardus
1030 1142 1244 1204 frustra
1287 1146 1590 1204 miseratur
1632 1141 1876 1222 Apollo.

379 1224 654 1304 Ingentes
695 1225 948 1289 Fortuna
990 1230 1152 1288 viros
1194 1228 1447 1289 illustrat
1486 1229 1773 1306 utrimque

258 1312 553 1388 Sanguine
590 1313 649 1372 in
690 1312 959 1373 adverso.
1038 1311 1276 1374 Danaos
1319 1311 1626 1374 Cadmeius
1662 1311 1924 1372 Haemon

257 1396 477 1457 Sternit
512 1398 745 1475 agitque
782 1395 1014 1474 furens,
1060 1400 1322 1478 sequitur
1366 1397 1538 1474 Tyria
1580 1398 1807 1475 agmina
1852 1395 2105 1472 Tydeus.

251 1480 421 1541 Hunc
461 1480 654 1542 Pallas
698 1498 1013 1560 praesens,
1053 1482 1213 1542 illum
1257 1482 1587 1559 Tirynthius
1630 1482 1834 1560 inplet.
2145 1490 2251 1544 460

257 1564 523 1639 Qualiter
565 1564 794 1626 hiberni
831 1567 1064 1626 summis
1104 1565 1218 1626 duo
1257 1567 1545 1627 montibus
1592 1584 1787 1626 amnes
1967 1585 1975 1595 ·

254 1647 621 1727 Franguntur
657 1650 1002 1729 geminaque
1047 1650 1256 1711 cadunt
1297 1652 1355 1710 in
1398 1651 1571 1730 plana
1612 1653 1794 1711 ruina.

257 1732 647 1795 Contendisse
687 1743 891 1813 putes,
936 1743 1067 1794 uter
1113 1752 1251 1794 arva
1296 1734 1648 1814 arbustaque
1690 1733 1860 1794 tollat

258 1819 450 1878 Altius
494 1828 590 1881 aut
634 1827 877 1898 superet
922 1827 1153 1898 ponteS.
1237 1817 1402 1879 Ecce
1440 1837 1551 1879 una
1594 1828 1867 1898 receptas

259 1901 534 1964 Confudit
573 1905 684 1963 iam
720 1904 890 1965 vallis
930 1921 1145 1983 aquas,
1189 1903 1302 1964 sibi
1347 1905 1592 1984 quisque
1636 1902 1924 1982 superbus
2148 1911 2251 1966 465

255 1987 354 2048 Ire
397 1989 587 2067 cupit,
624 1998 926 2068 pontoque
969 1997 1183 2067 negant
1222 1988 1589 2049 descendere
1628 1988 1808 2048 mixti.

385 2071 510 2133 Ibat
551 2073 876 2134 fumiferam
916 2075 1182 2153 quatiens
1228 2072 1578 2135 Onchestius
1619 2070 1752 2133 Idas

253 2156 542 2237 Lampada
580 2176 689 2237 per
726 2158 950 2219 medios
987 2156 1372 2237 turbabatque
1415 2160 1640 2236 agmina
1671 2156 1923 2233 Graium,

255 2242 403 2320 Igne
445 2242 598 2302 viam
640 2261 950 2322 rumpens,
994 2261 1203 2321 magno
1251 2262 1423 2323 quem
1465 2244 1722 2304 cominus
1765 2244 1882 2302 ictu

261 2326 500 2403 Tydeos
542 2326 706 2389 hasta
746 2328 858 2409 feri
896 2328 1159 2389 discussa
1198 2330 1429 2390 casside
1474 2328 1616 2388 fixit.
2149 2331 2253 2387 470

255 2411 369 2473 Ille
411 2412 620 2490 ingens
654 2415 712 2472 in
752 2417 918 2490 terga
962 2415 1148 2489 iacet,
1196 2423 1312 2474 stat
1349 2414 1544 2474 fronte
1590 2420 1893 2491 superstes

256 2497 520 2573 Lancea,
562 2496 863 2576 collapsae
904 2499 1141 2558 veniunt
1182 2500 1240 2557 in
1285 2507 1547 2577 tempora
1586 2497 1867 2558 flammae.

263 2580 642 2661 Prosequitur
676 2581 946 2658 Tydeus:
993 2584 1261 2642 ‘Saevos
1304 2600 1377 2643 ne
1422 2582 1638 2641 dixeris
1680 2581 1901 2657 Argos,

256 2664 402 2743 Igne
446 2675 578 2743 tuo,
625 2666 935 2743 Thebane,
976 2684 1182 2744 rogum
1222 2701 1308 2712 —-
1352 2666 1725 2728 concedimus
1765 2698 1850 2709 -——
1893 2664 2082 2724 arde?

381 2750 524 2813 Inde
562 2751 724 2811 velut
757 2753 943 2830 primo
977 2752 1143 2829 tigris
1185 2752 1389 2829 gavisa
1437 2768 1648 2812 cruore
2145 2755 2252 2811 475

256 2834 374 2896 Per
415 2846 594 2896 totum
646 2837 804 2914 cupit
846 2838 931 2896 ire
971 2854 1185 2916 pecus:
1231 2836 1320 2896 sic
1363 2837 1530 2897 Aona
1576 2853 1742 2912 saxo,

253 2918 418 2981 Ense
454 2921 730 2997 Pholum,
779 2917 1053 2981 Chromin
1095 2939 1275 2996 ense,
1322 2921 1467 2982 duos
1513 2920 1861 2983 Helicaonas
1906 2918 2069 2980 hasta

260 3005 585 3085 Transigit,
632 3006 878 3082 Aegeae
917 3005 1168 3065 Veneris
1213 3022 1362 3085 quos
1403 3004 1603 3068 Maera
1644 3004 1926 3069 sacerdos

257 3089 568 3166 Ediderat,
613 3091 962 3170 prohibente
1011 3090 1155 3172 dea;
1200 3107 1311 3150 vos
1355 3091 1572 3170 praeda
1617 3090 1838 3152 cruenti

261 3174 529 3251 Tydeos;
572 3178 616 3235 it
659 3192 866 3235 saevas
912 3177 1215 3236 etiamnum
1248 3185 1434 3236 mater
1478 3175 1550 3236 ad
1599 3195 1751 3237 aras.
2146 3180 2253 3235 480

388 3260 517 3322 Nec
558 3261 743 3321 minus
780 3259 1131 3320 Herculeum
1174 3269 1378 3321 contra
1418 3277 1605 3338 vagus
1645 3260 1941 3321 Haemona
1983 3256 2140 3318 ducit

259 3344 544 3424 Sanguis,
589 3345 890 3424 inexpleto
929 3346 1147 3424 rapitur
1184 3362 1295 3425 per
1337 3345 1513 3406 millia
1549 3345 1732 3421 ferro,

259 3425 426 3492 Nunc
469 3429 719 3494 tumidae
762 3428 1079 3506 Calydonis
1124 3446 1308 3511 opes,
1357 3448 1509 3491 nunc
1553 3438 1719 3490 torva
1762 3429 2013 3505 Pylenes
