2517 3909
920 219 1320 269 THEBAIDos
1366 221 1504 269 ΜΒ.
1550 223 1597 270 1.
2184 209 2261 269 27
2270 235 2273 239 ·

398 374 631 437 Deiecit
671 384 931 437 moestos
976 378 1274 457 extemplo
1317 368 1609 439 Ismenius
1641 379 1818 440 heros

276 459 344 519 In
386 469 600 521 terram
641 462 867 539 vultus,
905 463 1202 541 taciteque
1240 463 1314 524 ad
1359 460 1560 539 Tydea
1604 463 1825 524 laesum

276 544 598 624 Obliquare
641 546 880 620 oculos3
926 555 1043 607 tum
1085 546 1261 625 longa
1305 547 1535 608 silentia
1572 549 1784 608 movit:
2163 557 2265 614 675

279 628 438 690 ‘Non
480 649 659 709 super
700 630 809 692 hos
850 630 1038 692 dIvum
1074 631 1177 692 tibi
1211 649 1341 694 sum
1384 631 1750 710 quaerendus
1793 632 2072 711 honores,

274 713 443 775 Unde
485 733 708 793 genus,
756 733 904 795 quae
950 725 1108 777 terra
1143 716 1309 795 mihi,
1356 717 1484 796 quis
1526 716 1742 777 defluat
1784 717 1933 781 ordo

274 800 588 877 Sanguinis
631 801 845 879 antiqui
863 823 876 860 :
915 801 1081 880 piget
1124 802 1274 862 inter
1317 818 1485 862 sacra
1527 800 1720 863 fateri.

271 883 396 945 Sed
440 885 490 944 si
536 886 920 965 praecipitant
962 888 1235 946 miserum
1281 901 1649 965 cognoscere
1691 902 1893 962 curae,

273 968 530 1029 Cadmus
564 972 732 1049 origo
776 978 1040 1049 patrum,
1073 970 1249 1031 tellus
1284 970 1566 1031 Mavortia
1604 969 1837 1047 Thebe,
2163 983 2267 1038 680

267 1053 350 1115 Et
390 1056 661 1133 genetrix
702 1053 934 1116 Iocasta
968 1054 1150 1115 mihi)
1236 1054 1380 1115 Tum
1422 1065 1610 1116 motus
1649 1054 1937 1116 Adrastus

269 1137 553 1218 Hospitiis
598 1175 682 1184 —
718 1142 954 1218 agnovit
997 1141 1147 1201 enim
1183 1162 1297 1201 —-:
1345 1138 1524 1214 ‘Quid
1568 1149 1706 1204 uota
1747 1133 2063 1201 recondis?

270 1224 534 1300 Scimus,
579 1226 688 1294 ait;
728 1243 841 1285 nec
885 1225 972 1285 sic
1011 1243 1279 1287 aversum
1316 1224 1465 1285 fama
1505 1222 1768 1301 Mycenis
1826 1295 1833 1302 ⁰

269 1308 474 1369 Volvit
508 1309 638 1372 iter.
709 1308 975 1387 Regnum
1007 1318 1065 1370 et
1097 1309 1278 1371 furias
1310 1310 1636 1389 oculosque
1669 1308 1954 1389 pudentes

270 1392 483 1471 Novit,
527 1404 587 1456 et
626 1394 865 1461 Arctois
910 1395 959 1454 si
1004 1395 1132 1474 quis
1178 1393 1251 1455 de
1297 1392 1518 1454 solibus
1561 1394 1781 1472 horret,
2162 1405 2266 1461 685

272 1477 507 1557 Quique
549 1478 693 1540 bibit
737 1478 975 1557 Gangen
1019 1489 1114 1541 aut
1154 1480 1379 1557 nigrum
1422 1478 1731 1542 occasibus
1770 1479 1940 1541 intrat

274 1561 604 1640 Oceanum,
653 1573 713 1624 et
755 1565 806 1623 si
847 1581 994 1643 quos
1030 1564 1255 1625 incerto
1302 1564 1473 1625 litore
1517 1565 1723 1641 Syrtes

267 1647 624 1711 Destituant.
713 1648 806 1709 Ne
851 1666 1037 1728 perge
1084 1649 1251 1728 queri
1294 1665 1583 1727 casusque
1620 1650 1877 1729 priorum

270 1731 674 1794 Adnumerare
718 1732 851 1795 tibi:
896 1742 1098 1793 nostro
1144 1750 1379 1812 quoque
1425 1734 1706 1811 sanguine
1748 1732 1983 1795 multum

267 1816 508 1878 Erravit
553 1820 777 1898 pietaS,
823 1835 935 1878 nec
986 1817 1159 1897 culpa
1200 1816 1514 1896 nepotibus
1559 1815 1772 1877 obstat.
2160 1829 2267 1885 690

271 1901 362 1962 Tu
406 1902 579 1965 modo
623 1902 918 1963 dissimilis
959 1901 1138 1963 rebus
1182 1919 1448 1963 mereare
1488 1901 1759 1963 secundis

265 1986 575 2048 Excusare
614 1997 776 2055 tuos;
824 1987 933 2048 sed
970 1988 1082 2048 iam
1122 1996 1361 2048 temone
1404 1987 1612 2066 supino

266 2071 532 2150 Languet
567 2071 991 2152 Hyperboreae
1032 2071 1305 2149 glacialis
1349 2073 1598 2152 portitor
1636 2070 1843 2132 Ursae.

269 2155 519 2217 Fundite
562 2159 695 2219 vina
734 2157 917 2235 fociS,
957 2163 1441 2237 servatoremque
1485 2166 1787 2237 parentum

264 2240 550 2303 Latoiden
589 2244 745 2303 votis
785 2243 1111 2321 iterumque
1148 2244 1476 2323 iterumque
1519 2246 1833 2303 canamus?
2163 2251 2266 2307 695

401 2326 667 2387 ‘Phoebe
712 2344 958 2406 parens,
1002 2346 1107 2389 seu
1146 2336 1205 2388 te
1249 2327 1464 2404 Lyciae
1505 2327 1785 2388 Pataraea
1827 2327 2047 2387 nivosis

268 2409 572 2472 Exercent
615 2411 842 2473 dumeta
882 2412 1064 2490 iugis,
1113 2430 1219 2472 seu
1262 2430 1399 2472 rore
1445 2411 1660 2491 pudico

270 2492 566 2557 Castaliae
604 2496 789 2557 flavos
835 2513 998 2558 amor
1041 2503 1133 2557 est
1172 2496 1277 2556 tibi
1319 2513 1595 2574 mergere
1637 2496 1852 2570 crines,

268 2582 392 2641 Seu
434 2578 665 2642 Troiam
715 2580 1116 2657 Thymbraeus
1158 2579 1380 2657 habes,
1424 2577 1521 2639 ubi
1569 2579 1719 2639 fama
1758 2580 2053 2645 volentem

270 2664 521 2743 Ingratis
559 2664 847 2744 Phrygios
891 2664 1142 2725 humeris
1185 2664 1436 2724 subiisse
1478 2663 1755 2741 molares,
2161 2677 2266 2734 τοο

269 2751 393 2811 Seu
442 2751 597 2811 iuvat
639 2750 946 2828 Aegaeum
990 2749 1213 2810 feriens
1251 2748 1523 2809 Latonius
1566 2747 1765 2810 umbra

231 2861 246 2873 ·
274 2833 533 2911 Cynthus
576 2844 637 2895 et
678 2835 966 2895 assiduam
1002 2833 1219 2913 pelago
1261 2850 1378 2894 non
1418 2850 1704 2914 quaerere
1745 2833 1965 2897 Delon:

271 2919 417 2980 Tela
461 2919 564 2980 tibi
607 2919 906 2997 longeque
947 2918 1110 2979 feros
1146 2917 1449 2980 lentandus
1492 2920 1548 2978 in
1587 2918 1789 2980 hostes

266 3005 496 3081 Arcus,
545 3013 605 3063 et
647 3003 893 3065 aetherii
938 3003 1093 3066 dono
1140 3022 1383 3064 cessere
1430 3012 1704 3083 parentes

266 3088 589 3148 Aeternum
632 3088 847 3150 florere
884 3107 1091 3168 genas.
1182 3088 1269 3148 Tu
1312 3088 1520 3149 doctus
1562 3088 1785 3167 iniquas
2159 3096 2259 3153 705

269 3173 580 3234 Parcarum
624 3190 949 3253 praenosse
989 3192 1189 3234 manus
1232 3173 1526 3250 fatumque
1573 3173 1728 3252 quod
1773 3173 1921 3232 ultra
1965 3181 2076 3248 est,

271 3255 349 3317 Et
391 3275 612 3317 summo
649 3257 932 3338 placitura
970 3257 1097 3319 Iovi
1111 3304 1129 3336 ,
1177 3259 1308 3337 quis
1353 3256 1551 3317 letifer
1592 3275 1793 3332 annuS,

271 3341 438 3402 Bella
481 3341 686 3421 quibus
730 3343 996 3422 populis,
1039 3351 1257 3403 mutent
1302 3359 1449 3420 quae
1494 3350 1730 3420 sceptra
1776 3348 2060 3400 cometae.

272 3425 361 3486 Tu
402 3424 632 3505 Phryga
677 3426 960 3488 submittis
997 3427 1294 3504 citharae,
1335 3435 1395 3486 tu
1433 3426 1628 3485 matris
1664 3424 1871 3484 honori

270 3509 651 3591 Terrigenam
693 3511 903 3589 Tityon
946 3513 1167 3592 Stygiis
1210 3510 1477 3573 extendis
1518 3510 1726 3569 arenis.
2160 3516 2264 3571 710

1888 3 2373 10 mw.rj
