2517 3909
839 130 1238 180 THEBAIDOS
1285 132 1423 180 mn.
1462 132 1583 178 vn.
2092 120 2205 181 151

215 285 371 346 Arva
416 286 574 362 sinu,
619 284 880 363 nullique
921 284 1050 347 aliis
1094 305 1127 347 a
1168 286 1457 348 montibus
1502 286 1735 347 obstant
2110 294 2213 350 445

212 369 577 450 Despectus:
624 388 736 430 nec
778 369 956 448 longa
999 371 1168 431 labor
1210 372 1514 432 munimina
1561 371 1736 430 durus

212 453 478 516 Addidit:
530 457 659 533 ipsa
699 453 838 514 loco
879 457 1082 516 mirum
1121 466 1328 516 natura
1369 455 1623 516 favebat.

212 538 281 599 In
318 539 531 600 vallum
573 539 764 600 elatae
808 556 986 618 rupes
1020 540 1369 618 devexaque
1413 539 1592 600 fossis

213 623 456 705 Aequa,
504 632 563 684 et
604 623 840 683 fortuito
886 623 1092 685 ductae
1138 633 1346 704 quater
1387 642 1611 701 aggere
1658 625 1902 703 pinnae;

216 705 429 770 Cetera
476 708 610 769 dant
650 708 797 787 ipsi,
844 708 1033 769 donec
1078 709 1169 770 sol
1213 708 1503 769 montibus
1547 710 1732 768 omnis
2106 716 2212 770 450

97 821 102 827 ·
215 791 453 872 Erepsit
494 792 790 872 rebusque
833 792 993 853 dedit
1030 811 1212 871 sopor
1257 794 1376 853 otia
1420 793 1617 853 fessis,

349 876 489 951 Quis
534 885 709 955 queat
747 879 1018 938 attonitas
1056 878 1224 938 dictis
1270 877 1586 938 ostendere
1629 872 1904 937 Thebas?

213 962 437 1022 Urbem
478 962 535 1021 in
572 970 892 1039 conspectu
934 962 1079 1022 belli
1114 980 1386 1041 suprema
1428 970 1731 1041 parantem

216 1046 469 1107 Territat
510 1048 829 1107 insomnem
866 1064 986 1116 nox
1028 1054 1151 1107 atra
1193 1047 1462 1125 diemque
1507 1048 1768 1106 minatur.

214 1130 556 1191 Discurrunt
602 1132 812 1199 muris;
859 1130 938 1190 nil
976 1139 1201 1210 septum
1244 1130 1492 1192 horrore
1536 1130 1642 1190 sub
1684 1129 1826 1207 illo,
2109 1138 2212 1192 455

218 1213 315 1275 Nil
360 1214 529 1275 fidum
571 1216 744 1291 satis,
796 1214 1202 1294 invalidaeque
1245 1215 1588 1295 Amphionis
1635 1232 1823 1275 arces,

218 1299 438 1360 Rumor
473 1300 685 1380 ubique
725 1299 1223 1379 aliossspluresque
1269 1301 1558 1362 annuntiat
1600 1298 1837 1376 hostes,

214 1382 587 1463 Maioresque
632 1385 832 1452 timon
879 1394 1145 1463 spectant
1187 1387 1436 1446 tentoria
1481 1393 1682 1445 contra

216 1467 453 1529 Inachia
491 1479 885 1545 externosque
931 1470 1053 1528 suis
1093 1469 1153 1528 in
1194 1469 1484 1529 montibus
1526 1470 1714 1546 ignes.

216 1552 289 1613 Hi
336 1552 609 1631 precibus
654 1562 981 1632 questuque
1022 1553 1201 1629 deos,
1246 1554 1305 1613 hi
1349 1553 1552 1613 Martia
1595 1554 1717 1613 tela,
2107 1558 2215 1614 460

218 1636 669 1715 Belligerosque
713 1636 1013 1697 hortantur
1057 1655 1276 1716 equoS,
1316 1637 1376 1697 hi
1420 1646 1665 1716 pectora
1710 1636 1850 1696 fletu

220 1720 375 1782 Gara
411 1730 706 1800 premunt,
756 1721 1069 1800 miserique
1113 1738 1296 1799 rogos
1342 1730 1402 1781 et
1447 1721 1697 1781 crastina
1737 1719 2003 1780 mandant

218 1806 467 1866 Funera.
557 1807 619 1866 Si
660 1806 848 1866 tenuis
888 1804 1116 1866 demisit
1157 1804 1369 1866 lumina
1411 1822 1679 1879 somnus,

220 1890 387 1952 Bella
419 1899 657 1967 gerunt;
703 1889 877 1951 modo
914 1890 1076 1952 lucra
1118 1907 1355 1965 morae,
1399 1890 1575 1950 modo
1611 1888 1804 1948 taedia
1837 1888 1992 1948 vitae

220 1973 531 2051 Attonitis,
579 1976 885 2053 lucemque
925 1975 1124 2035 timent
1164 1974 1471 2054 lucemque
1514 1981 1841 2052 precantur.
2112 1979 2214 2034 465

222 2060 275 2120 lt
317 2060 609 2137 geminum
652 2060 955 2120 excutiens
995 2077 1242 2136 anguem
1285 2067 1349 2119 et
1389 2058 1706 2120 bacchatur
1751 2057 2012 2133 utrisque

224 2144 545 2224 Tisiphone
585 2147 819 2214 castris;
863 2144 1100 2204 fratrem
1141 2145 1306 2220 huic,
1350 2144 1585 2204 fratrem
1628 2142 1842 2219 ingerit
1884 2139 2002 2218 illi,

224 2229 343 2289 Aut
385 2231 609 2308 utrique
647 2238 901 2308 patrem3
950 2229 1156 2308 procul
1198 2227 1300 2289 ille
1346 2227 1653 2307 penatibus
1697 2228 1825 2288 imis

220 2312 467 2374 Excitus
502 2314 755 2393 inplorat
796 2314 973 2375 furias
1016 2313 1345 2392 oculosque
1384 2313 1663 2392 reposcit.

350 2398 472 2459 Iam
517 2399 771 2477 gelidam
811 2397 1092 2459 Phoeben
1137 2408 1197 2460 et
1239 2398 1551 2476 caligantia
1586 2397 1804 2476 primus
2113 2404 2218 2461 4⁷0

219 2485 511 2546 Hauserat
550 2493 703 2544 astra
741 2483 901 2560 dies,
942 2502 1115 2564 quum
1152 2484 1262 2544 iam
1300 2492 1479 2543 tumet
1516 2484 1651 2559 igne
1695 2482 1885 2542 futuro

224 2568 528 2646 Oceanus,
577 2568 814 2647 lateque
856 2585 1009 2629 novo
1054 2567 1256 2628 Titane
1299 2568 1590 2628 reclusum

222 2653 469 2732 Aequor
510 2653 875 2714 anhelantum
917 2653 1094 2713 radiis
1138 2651 1383 2712 subsidit
1422 2667 1723 2730 equorum.

222 2735 388 2798 Ecce
424 2746 620 2798 truces
669 2737 878 2797 oculos
921 2735 1292 2797 sordentibus
1334 2735 1523 2796 obsita
1567 2736 1726 2796 cauis

223 2821 659 2900 Exanguesque
700 2820 930 2880 Iocasta
974 2838 1159 2897 genas
1198 2828 1259 2880 et
1298 2819 1535 2880 brachia
1579 2819 1811 2898 planctu
2119 2825 2222 2881 475

221 2904 406 2983 Nigra
446 2906 642 2966 ferens
679 2922 1013 2983 ramumque
1050 2904 1222 2965 oleae
1270 2922 1397 2965 cum
1439 2904 1682 2965 velleris
1724 2906 1833 2966 atri

223 2989 521 3065 Nexibus,
566 2989 946 3049 Eumenidum
990 2988 1152 3049 velut
1191 2989 1619 3069 antiquissima,
1663 2989 1848 3068 portis

224 3074 544 3152 Egreditur
585 3091 790 3151 magna
835 3091 963 3133 cum
999 3074 1302 3136 maiestate
1345 3073 1643 3135 malorum.

224 3158 376 3218 Hinc
421 3167 593 3237 atque
637 3157 769 3218 hinc
809 3167 1018 3235 natae,
1066 3159 1274 3219 melior
1313 3160 1426 3219 iam
1469 3177 1684 3234 sexus,
1730 3156 1916 3217 aniles

223 3242 713 3322 Praecipitantem
750 3251 906 3306 artus
951 3252 1010 3303 et
1055 3242 1187 3321 plus
1224 3261 1393 3322 quam
1433 3252 1640 3322 posset
1677 3249 1908 3302 euntem
2121 3247 2226 3303 480

228 3329 595 3396 Sustentant;
640 3328 801 3388 venit
843 3335 976 3387 ante
1011 3325 1247 3403 hostes,
1298 3337 1357 3387 et
1399 3335 1645 3406 pectore
1678 3324 1837 3390 nudo

211 3408 501 3473 -Glaustra
535 3412 782 3474 adversa
818 3411 956 3472 ferit
997 3411 1377 3491 tremulisque
1419 3408 1731 3472 ululatibus
1773 3416 1901 3468 orat
