2517 3909
819 131 1217 184 TREBAIDOS
1255 133 1402 186 Lm.
1447 131 1599 180 v111.
2087 116 2208 179 169

345 290 539 370 Atque
578 289 628 349 is
672 288 770 350 ubi
805 290 1019 350 intorto
1061 288 1312 366 sig-navit
1353 286 1580 350 vellere
1623 287 1841 350 crinem

219 373 618 455 Convenitque
663 375 824 451 deis,
866 374 1035 436 hilari
1076 391 1185 452 per
1220 382 1413 434 castra
1450 371 1691 434 tumultu
2107 379 2211 434 295

215 460 389 521 Vadit
436 477 644 529 ovans:
688 477 757 521 ac
805 460 987 538 prima
1031 459 1118 520 sui
1159 458 1504 518 documenta
1545 454 1828 520 sacerdos

218 544 517 606 Tellurem
565 544 801 623 placare
846 552 1027 623 parat.
1112 541 1240 604 Nec
1284 542 1448 604 futile
1485 543 1726 604 moestis

216 629 283 690 Id
324 630 512 689 visum
550 627 799 689 Danais:
845 629 1107 706 geminas
1152 644 1298 704 ergo
1344 627 1507 688 ilicet
1544 644 1676 688 aras
1708 687 1715 691 .

214 713 545 774 Arboribus
587 714 736 773 vivis
780 721 840 773 et
881 712 1080 774 adulto
1122 713 1347 791 cespite
1389 712 1510 774 texi
1720 730 1724 734 ²

217 797 507 877 Imperat,
544 798 990 875 innumerosque
1027 796 1174 858 deae
1215 814 1320 858 sua
1356 813 1594 856 munera
1632 794 1814 854 flores
2108 801 2214 855 300

214 880 297 943 Et
339 882 602 942 cumulos
644 883 870 959 frugum
911 891 971 944 et
1003 880 1281 959 quidquid
1314 889 1493 942 novat
1524 882 1754 958 integer
1796 894 1998 953 annus,

217 966 426 1042 Addit,
475 975 534 1026 et
576 968 790 1028 intacto
828 983 1116 1045 spargens
1157 964 1360 1026 altaria
1382 964 1550 1030 laute

216 1051 458 1130 Incipit:
505 1049 591 1110 εΟ
636 1051 924 1112 hominum
966 1051 1275 1129 divumque
1320 1058 1560 1132 aeterua
1605 1050 1878 1124 ereatrix,

218 1135 386 1210 Quae
430 1135 640 1196 fluvios
682 1135 979 1215 silvasque
1026 1136 1337 1198 animarum
1378 1143 1440 1198 et
1479 1135 1698 1198 semina
1735 1134 1928 1195 mundi

221 1218 444 1281 Cuncta
484 1219 976 1300 Prometheasque
1015 1238 1214 1282 manus
1256 1218 1670 1298 Pyrrhaeaque
1715 1237 1858 1280 saxa
2108 1225 2213 1282 305

220 1304 454 1382 Gignis,
502 1314 561 1364 et
598 1306 838 1383 inpastis
888 1323 1038 1383 quae
1081 1305 1261 1383 prima
1304 1305 1573 1366 alimenta
1617 1303 1829 1364 dedisti

214 1388 569 1469 Mutastique
612 1391 810 1465 vices,
855 1403 1007 1468 quae
1053 1398 1289 1467 pontum
1334 1389 1634 1467 ambisque
1677 1387 1986 1467 vehisque,

218 1473 307 1535 Te
349 1492 534 1554 penes
580 1474 963 1553 etpeeudum
1002 1492 1149 1550 gens
1190 1476 1341 1536 mitis
1382 1483 1445 1534 et
1484 1475 1569 1536 ira
1613 1473 1866 1534 ferarum

214 1558 297 1619 Et
340 1560 641 1620 volucrum
683 1559 952 1636 requies,
997 1558 1217 1620 firmum
1259 1567 1432 1637 atque
1470 1557 1744 1624 inmobile
1789 1557 1981 1618 mundi

168 1655 175 1662 ·
216 1643 424 1704 Robur
461 1641 786 1719 inoccidui,
831 1652 890 1704 te
932 1642 1113 1704 velox
1154 1642 1418 1704 machina
1460 1642 1617 1706 coeli
2108 1650 2214 1706 310

216 1728 381 1789 Aere
424 1727 775 1808 pendentem
816 1744 1036 1804 vacue,
1083 1735 1143 1789 te
1185 1745 1390 1787 currus
1433 1736 1680 1804 uterque

218 1811 471 1874 Circuit:
515 1829 551 1873 o
593 1831 788 1878 retum
830 1812 1022 1874 media
1063 1812 1424 1889 indivisaque
1466 1810 1688 1888 magnis

215 1896 554 1961 Fratribus!
601 1914 746 1975 ergo
786 1897 953 1958 simul
993 1905 1081 1960 tot
1123 1895 1396 1974 gentibus
1435 1894 1615 1970 alma,
1661 1901 1748 1953 tot
1789 1894 1921 1954 altis

217 1982 479 2043 Urbibus
525 2000 596 2043 ac
638 1982 872 2061 populis
918 1982 1273 2059 subterque,
1311 1998 1383 2040 ac
1425 1980 1681 2058 desuper
1733 1997 1844 2039 una

220 2066 491 2143 SufficiS,
540 2066 980 2145 astriferumque
1022 2066 1227 2127 domos
1262 2064 1498 2126 Atlanta
1541 2081 1825 2143 supernas
2112 2074 2215 2129 315

218 2151 406 2212 Ferre
454 2150 848 2227 laborantem,
889 2150 1047 2214 nullo
1091 2150 1259 2211 vehis
1303 2150 1431 2228 ipsa
1470 2149 1698 2225 labore,

216 2235 347 2298 Nos
386 2244 601 2297 tantum
637 2246 872 2315 portare
916 2232 1145 2312 negas?
1187 2252 1333 2310 nos,
1370 2235 1535 2311 diva,
1578 2232 1884 2311 gravaris?

222 2320 430 2396 Quod,
475 2337 720 2399 precor,
762 2321 947 2397 ignari
985 2319 1192 2382 luimus
1235 2315 1480 2380 scelus?
1523 2336 1595 2378 an
1642 2319 1773 2396 quia
1814 2319 2028 2399 plebes

217 2402 480 2466 Externa
521 2404 767 2466 Inachiis
805 2405 921 2465 huc
963 2404 1337 2467 adventamus
1373 2402 1446 2464 ab
1487 2399 1648 2464 oris?

222 2487 407 2548 Omne
452 2489 665 2549 homini
706 2489 897 2550 natale
933 2488 1158 2563 solum,
1205 2506 1320 2547 nec
1360 2496 1454 2562 te,
1503 2488 1756 2566 optima,
1798 2506 1978 2550 saevo
2111 2499 2217 2554 320

221 2572 536 2652 Tamquam
577 2572 819 2634 humiles
851 2574 1106 2652 populos
1143 2571 1355 2633 deceat
1395 2571 1752 2649 distinguere
1789 2573 1927 2651 flue,

218 2657 489 2737 Undique
533 2656 746 2738 ubique
785 2667 947 2727 tuos:
996 2675 1229 2718 maneas
1275 2658 1588 2717 communis
1634 2665 1691 2717 et
1733 2675 1889 2720 arma

219 2742 371 2803 Hinc
411 2752 585 2821 atque
629 2742 761 2802 inde
798 2742 986 2812 feras;
1027 2743 1231 2819 liceat,
1277 2759 1524 2819 precor,
1571 2741 1775 2804 ordine
1819 2743 1964 2806 belli

218 2827 526 2904 Pugnaces
573 2826 775 2887 efflare
813 2829 1028 2890 animas
1070 2835 1129 2887 et
1162 2826 1417 2887 reddere
1463 2826 1656 2888 coelo.

219 2911 314 2972 Ne
359 2930 502 2991 rape
547 2921 663 2974 tam
706 2909 908 2972 subitis
952 2911 1228 2991 spirantia
1273 2928 1525 2990 corpora
1559 2911 1765 2988 bustis,
2110 2922 2214 2977 325

216 2997 315 3057 Ne
361 3014 648 3078 propera:
692 2996 988 3056 veniemus
1034 2995 1215 3071 enim,
1264 3012 1380 3073 quo
1428 2996 1606 3056 limite
1651 2998 1865 3074 cuncti,

220 3080 353 3155 Qua
396 3081 537 3141 licet
575 3082 661 3141 ire
701 3081 821 3149 νίας
865 3089 1079 3142 tantum
1128 3089 1370 3142 exorata
1405 3079 1669 3158 Pelasgis

220 3167 382 3228 Siste
420 3164 612 3224 levem
655 3182 949 3244 campum,
991 3163 1224 3225 celeres
1264 3183 1378 3228 neu
1421 3166 1702 3244 praecipe
1744 3164 1978 3226 Parcas.

215 3249 300 3310 At
346 3259 406 3310 tu
447 3267 586 3312 care
629 3249 785 3325 deis,
826 3268 998 3329 quem
1039 3266 1157 3312 non
1194 3268 1395 3317 manus
1437 3250 1556 3311 ulla
1598 3268 1711 3313 nec
1754 3266 1929 3310 enses

218 3335 477 3410 Sidonii,
523 3333 631 3398 sed
674 3351 881 3412 magna
926 3335 1052 3398 sinu
1091 3343 1294 3395 natura
1330 3335 1546 3410 soluto,
2111 3343 2217 3400 330

218 3416 347 3480 Ceu
388 3428 447 3479 te
492 3416 796 3494 Cyrrhaeo
846 3420 1111 3482 meritam
1146 3419 1453 3482 tumularet
1490 3418 1687 3492 hiatu,·.
