2517 3909
384 136 502 199 164
1033 149 1097 195 P.
1143 147 1413 196 PAPINII
1458 147 1691 196 sum

381 304 660 382 Coniugis
703 304 926 365 insidiis
968 311 1028 364 et
1073 305 1271 384 iniquo
1314 304 1579 365 venditus
1625 321 1765 364 auro

378 390 693 468 Argolicas
733 390 928 465 acieS,
974 388 1127 449 unde
1170 390 1320 449 haec
1363 388 1466 450 tibi
1505 389 1671 451 turba
1713 398 2017 450 recentum
2277 399 2374 453 105

376 475 718 536 Umbrarum
764 483 822 534 et
865 482 1101 534 nostrae
1143 476 1384 534 veniunt
1424 492 1660 553 quoque
1704 475 1909 535 funera
1955 475 2226 550 dextrae,

377 558 510 619 Non
547 561 782 636 ignarus
824 560 929 626 ini:
975 558 1166 620 subito
1204 577 1299 618 me
1334 559 1561 619 turbine
1602 561 1817 634 mundi,

372 642 590 704 Horret
628 644 815 704 adhuc
857 645 1107 717 animae,
1153 643 1359 703 mediis
1401 663 1436 704 e
1480 643 1734 705 millibus
1766 644 1955 703 hausit

374 728 508 789 Nox
549 738 665 788 tua.
747 726 911 802 Quae
955 729 1091 788 mihi
1128 745 1324 804 mens,
1364 730 1495 789 dum
1536 747 1648 808 per
1690 747 1833 790 cava
1868 730 2101 788 viscera
2141 736 2341 786 terrae
2474 705 2477 874 Ι

374 813 541 874 Vade
587 814 681 873 diu
722 813 984 892 pendens
1034 822 1093 873 et
1132 815 1373 873 inaere
1415 814 1626 874 volvor
1669 811 1926 891 operto?
2280 824 2373 875 110

373 897 484 958 Hei
522 897 687 957 mihi!
734 898 816 956 nil
858 917 933 957 ex
975 915 1068 957 me
1115 899 1292 962 sociis
1337 901 1678 976 patriaeque
1719 898 2009 974 relictum,

374 981 488 1042 Vel
533 990 764 1061 captum
805 981 1052 1051 Thebis;
1098 1000 1215 1042 non
1256 984 1368 1042 iam
1410 982 1671 1043 Lernaea
1714 981 1929 1043 videbo

377 1066 592 1144 Tecta,
640 1085 753 1127 nec
799 1069 1042 1128 attonito
1081 1067 1288 1127 saltem
1333 1068 1477 1127 cinis
1520 1067 1619 1126 ibo
1660 1068 1908 1147 parenti.

371 1151 505 1212 Non
545 1150 796 1228 tumulo,
841 1169 954 1212 non
996 1154 1132 1230 igne
1174 1153 1355 1211 miser
1392 1152 1761 1231 lacrimisque
1803 1168 2062 1212 meorum

371 1236 725 1313 ProductuS,
763 1245 887 1296 toto
930 1238 1149 1315 pariter
1184 1236 1288 1297 tibi
1325 1236 1532 1297 funere
1572 1239 1730 1313 veni,
2272 1244 2370 1298 115

373 1320 471 1381 Nil
514 1323 639 1381 istis
684 1338 926 1381 ausurus
972 1323 1168 1400 equis;
1216 1339 1330 1381 nec
1374 1321 1669 1400 deprecor
1708 1319 1966 1381 umbram

372 1405 668 1486 Accipere
714 1415 773 1465 et
810 1407 1095 1485 tripodum
1139 1407 1250 1467 iam
1291 1424 1408 1466 non
1448 1407 1777 1466 meminisse
1820 1420 2102 1464 meorum.

371 1488 517 1550 Nam
557 1489 663 1550 tibi
703 1493 976 1570 praesagi
1013 1491 1141 1570 quis
1183 1493 1296 1550 iam
1340 1508 1519 1569 super
1559 1491 1794 1568 auguris
1833 1507 1994 1565 usus,

373 1573 560 1647 Quum
601 1574 821 1635 Parcae
864 1584 960 1635 tua
1006 1577 1163 1637 iussa
1199 1572 1467 1636 trahant?
1512 1575 1618 1636 sed
1652 1584 1897 1655 pectora
1939 1574 2151 1633 flectas

371 1658 449 1719 Et
492 1659 701 1719 melior
742 1657 862 1735 sie,
904 1678 1159 1739 quaeso,
1196 1659 1355 1729 deis;
1402 1661 1452 1720 si
1493 1659 1721 1740 quando
1763 1658 2010 1720 nefanda
2270 1667 2366 1721 120

372 1742 500 1803 Huc
538 1743 724 1804 aderit
769 1747 1012 1821 coniux,
1063 1745 1146 1805 illi
1182 1744 1414 1805 funesta
1455 1762 1698 1806 reserva
2476 1775 2477 1814 ι

377 1828 711 1907 Supplicia:
756 1828 856 1890 illa
902 1839 1028 1905 tna,
1079 1837 1280 1889 rector
1321 1829 1508 1906 bone,
1561 1829 1790 1906 dignior
1825 1828 1958 1888 ira?
2476 1861 2477 1910 ¹

505 1913 738 1992 Accipit
779 1913 882 1974 ille
926 1932 1141 1994 preces
1185 1913 1627 1993 indignaturque
1669 1911 1912 1973 moveri.

377 1998 455 2059 Ut
497 1997 597 2058 leo
635 1996 878 2074 Massyli
924 2016 1095 2077 quum
1136 1997 1236 2057 lux
1280 2000 1440 2059 stetit
1482 1998 1656 2060 obvia
1697 1998 1860 2073 ferri,

374 2082 538 2143 Tunc
580 2083 729 2160 iras,
771 2091 908 2144 tunc
946 2100 1102 2142 arma
1141 2084 1314 2160 citat,
1361 2085 1411 2143 si
1456 2083 1686 2144 decidat
1730 2082 1936 2156 hostis,
2269 2090 2365 2144 125

374 2165 469 2228 Ire
515 2184 694 2245 super
737 2170 877 2227 satis
918 2176 1008 2228 est
1040 2167 1338 2247 vitamque
1376 2168 1717 2246 relinquere
1758 2167 1937 2226 victo.
2470 2101 2475 2278 ]

502 2249 736 2312 Interea
773 2252 933 2311 vittis
972 2251 1252 2331 lauruque
1294 2253 1534 2331 insignis
1574 2254 1765 2331 opima

378 2334 596 2397 Currus
642 2343 703 2394 et
738 2338 997 2414 egregiis
1039 2337 1211 2396 modo
1250 2337 1589 2398 formidatus
1630 2340 1687 2397 in
1734 2336 1927 2411 armis,

374 2419 532 2481 Luce
573 2419 762 2498 palam
800 2421 962 2481 fusus
1002 2421 1175 2497 nulli,
1218 2421 1477 2501 nullique
1516 2422 1747 2500 fugatus

375 2503 717 2578 Quaeritur:
764 2504 1045 2566 absistunt
1082 2514 1342 2582 turmae,
1389 2516 1783 2586 suspectaque
1822 2505 2001 2566 tellus
2270 2512 2365 2567 130
2471 2529 2473 2628 4

376 2587 685 2665 OmnibuS,
735 2589 892 2650 infidi
934 2591 1100 2651 miles
1136 2593 1385 2669 vestigia
1424 2593 1612 2670 campi

378 2669 632 2749 Circuit,
673 2682 847 2755 atque
889 2677 1095 2738 avidae
1134 2677 1316 2736 tristis
1361 2676 1528 2736 locus
1570 2676 1674 2736 ille
1714 2676 1913 2735 ruinae

377 2754 620 2834 Cessat,
666 2767 725 2819 et
768 2760 976 2820 inferni
1016 2761 1229 2820 vitatur
1262 2759 1488 2822 honore
1532 2760 1812 2841 sepulcri.

500 2841 741 2903 Nuntius
785 2844 1034 2904 hortanti
1069 2845 1303 2905 diversa
1346 2845 1404 2904 in
1445 2854 1613 2926 parte
1656 2845 1941 2924 maniplos

374 2925 629 2987 Adrasto
670 2962 753 2975 --
787 2931 885 2988 vix
923 2930 1052 3007 ipse
1091 2938 1253 2990 ratus
1294 2930 1514 2990 vidisse
1556 2963 1642 2976 -—·
1678 2929 1990 2990 Palaemon
2267 2935 2359 2991 135

374 3011 664 3092 Advolat,
712 3021 772 3073 et
806 3013 1135 3091 trepidans,
1178 3023 1425 3076 steterat
1459 3032 1586 3075 nam
1626 3013 1783 3075 forte
1812 3013 2043 3074 cadenti

376 3095 713 3172 ProximuS,
755 3098 1145 3178 inspectoque
1192 3101 1369 3159 miser
1414 3098 1677 3179 pallebat
1717 3099 1894 3159 hiatu.

375 3179 596 3240 ‘Verte
640 3180 910 3258 gradum,
960 3182 1133 3259 fuge,
1178 3193 1411 3260 rector,
1458 3186 1567 3261 ait,
1614 3185 1663 3242 si
1705 3182 1924 3243 Dorica
1968 3182 2178 3242 saltem

378 3262 558 3324 Terra
603 3264 770 3340 loco,
809 3266 1150 3344 patriaeque
1189 3277 1449 3345 manent,
1492 3268 1591 3328 ubi
1635 3267 1933 3348 liquimus,
1980 3284 2172 3326 arces.

375 3344 506 3406 Non
549 3349 753 3425 armis,
792 3365 908 3408 non
946 3352 1224 3427 sanguine
1272 3369 1449 3432 opus:
1499 3353 1637 3432 quid
1680 3353 1879 3413 inutile
1923 3352 2138 3413 ferrum
2268 3360 2363 3413 140
2466 3393 2467 3426 ξ

378 3430 719 3508 stringimus
758 3434 814 3493 in
857 3431 1137 3494 Thebas?
1178 3454 1380 3497 currus
1423 3437 1623 3500 humus
1666 3439 1822 3518 inpia
1869 3436 2071 3498 sorbet
