2517 3909
223 141 363 198 vm
835 139 1181 197 Emroffls
1217 138 1645 196 PRAEFATIO.
1697 193 1726 223 ρ,

227 285 654 371 Gronovii,·
709 309 764 352 a.
834 286 1004 353 1653
1078 286 1563 353 Amsterodami
1623 285 1853 354 formis
1918 285 2261 371 descripta,

225 380 576 462 postquam
603 377 713 442 ille
740 375 919 442 edita
944 375 1078 442 iam
1101 376 1270 441 1637
1299 377 1370 441 in
1398 374 1607 442 Silvas
1634 374 1936 442 Diatribe
1964 376 2254 461 prolusit.

229 464 635 550 Quamquam
678 487 798 532 nec
845 488 1102 533 omnem
1160 463 1354 531 Statii
1412 467 1784 531 contextum
1839 464 2079 531 iudicio
2136 487 2255 532 suo

226 554 505 621 subiecit
548 558 614 620 et
656 556 864 620 multa
908 554 1145 621 vitiosa
1188 554 1469 639 reliquit,
1516 554 1753 620 summi
1796 558 2019 620 tamen
2063 554 2254 639 pretii

226 644 681 710 adnotationes
729 647 908 729 sunt,
955 666 1116 729 quas
1162 643 1433 709 editioni
1479 643 1815 718 adiunctas
1828 642 1882 731 2)
1939 644 2253 711 Daumius

226 731 319 798 ‘in
364 735 637 816 ,pondere
696 754 825 799 non
895 754 1121 818 mayaco
1182 735 1340 799 satis
1389 732 1802 815 ponderosas’
1874 755 2014 800 esse
2081 732 2255 800 haud

223 821 525 888 inmerito
584 822 907 889 iudicavit.
1019 822 1100 887 In
1167 821 1592 888 fundamento
1661 845 1701 887 a
1763 822 2090 889 Gronovio
2152 846 2254 887 ex-

224 913 501 997 structo,
547 915 621 977 ut
664 911 761 976 ita
806 911 1043 995 dicam,
1091 911 1411 977 editiones
1456 911 1540 977 ad
1584 932 1784 977 unam
1842 911 1980 977 fere
2025 933 2248 979 omnes

221 1022 424 1086 usque
472 1001 554 1067 ad
596 1004 891 1067 nostram
938 1003 1217 1066 aetatem
1273 1004 1424 1066 sunt
1475 1000 1757 1084 positae:
1817 1000 2254 1067 Barthiana

222 1112 278 1176 a.
311 1090 515 1174 1664,
561 1089 987 1174 Bipontina
1032 1112 1089 1155 a.
1132 1089 1334 1173 1785,
1378 1088 1735 1155 Parisina
1781 1113 1838 1156 a.
1879 1091 2251 1176 1825—30‚

220 1178 777 1245 Duebneriana
849 1202 905 1245 a.
975 1179 1168 1246 1835.
1231 1180 1348 1263 45,
1424 1177 1875 1255 Queckiana
1937 1203 1994 1245 a.
2059 1180 2250 1247 1854.

225 1266 443 1353 Atque
489 1268 652 1334 haec
698 1268 957 1352 quidem
1001 1268 1332 1334 hactenus,

395 1356 474 1422 In
519 1358 913 1423 recensenda
938 1357 1303 1424 Achilleide
1349 1356 1554 1443 igitur
1584 1379 1730 1424 cum
1756 1358 1864 1423 via
1890 1358 2055 1423 mihi
2079 1362 2257 1424 esset

216 1446 529 1531 ineunda,
582 1446 874 1512 nondum
929 1447 1090 1512 satis
1146 1446 1332 1532 quasi
1377 1446 1706 1531 patefacta
1758 1450 1952 1532 atque
2007 1450 2248 1533 aperta,

216 1534 282 1600 id
346 1535 759 1619 potissimum
814 1539 1071 1602 secutus
1133 1559 1303 1619 sum,
1365 1538 1441 1600 ut
1497 1534 1990 1602 fundamentum
2049 1558 2248 1621 opere

217 1623 424 1690 solido
471 1624 749 1691 iacerem
787 1647 863 1691 ac
899 1624 1243 1708 munirem,
1289 1628 1366 1691 ut
1403 1624 1462 1689 ei
1505 1646 1706 1710 penes
1744 1647 1906 1710 quos
1939 1625 2248 1691 iudicium

212 1713 447 1779 harum
490 1736 707 1779 rerum
753 1716 854 1779 est
896 1714 1184 1779 habeant
1228 1736 1360 1800 quo
1405 1716 1673 1780 utantur
1716 1715 1799 1780 ad
1845 1714 2059 1780 studia
2100 1712 2250 1781 Sta-

212 1803 395 1869 tiana
412 1803 843 1888 provehenda.
895 1803 1124 1889 Neque
1143 1803 1355 1870 solum
1374 1803 1577 1889 igitur
1596 1802 1890 1870 codicum
1916 1803 2252 1889 lectiones,

214 1891 429 1977 quoad
475 1892 612 1958 eius
657 1893 798 1959 fieri
842 1894 1130 1977 poterat,
1177 1915 1371 1977 quam
1410 1892 1888 1960 accuratissime
1925 1892 2086 1977 dedi,
2134 1893 2250 1959 sed

215 1982 412 2047 etiam
459 1982 916 2048 auctoritatem
960 1981 1277 2047 librorum
1313 1979 1498 2048 MSS.
1541 1981 1637 2047 ita
1681 1981 2065 2048 servandam
2110 2003 2252 2048 esse

211 2071 469 2155 putavi,
509 2074 585 2136 ut
628 2070 1029 2159 parcissime,
1066 2071 1346 2136 aliorum
1390 2091 1650 2138 measve
1704 2071 2106 2138 coniecturas
2147 2093 2252 2137 re-

210 2180 508 2244 ceperim.

390 2248 490 2315 Ac
535 2248 817 2333 primum
872 2249 1130 2334 quidem
1185 2252 1484 2316 constare
1536 2249 1700 2315 mihi
1752 2249 2031 2329 videtur,
2088 2249 2249 2316 duas

212 2338 409 2403 etiam
445 2337 849 2404 Achilleidos
880 2338 1289 2405 recensiones
1317 2338 1450 2403 iam
1490 2342 1641 2403 ante
1670 2338 2059 2405 scholiastae
2085 2342 2248 2405 tem—

221 2448 382 2511 pora
420 2427 747 2494 exstitisse
785 2427 957 2493 inter
993 2449 1062 2493 se
1091 2427 1564 2512 discrepantes:
1611 2427 1940 2511 quodiam
1976 2428 2055 2493 de
2083 2429 2248 2496 The·

217 2516 407 2582 baide
448 2514 523 2582 Ο.
549 2515 898 2582 Muellerus
943 2517 1013 2582 in
1058 2517 1344 2584 editione
1383 2538 1502 2583 sua
1538 2516 1872 2583 contendit
1899 2516 2019 2602 (Cf.
2045 2518 2250 2602 praef.

206 2628 267 2690 p.
312 2604 521 2693 VIII).
612 2605 965 2692 Utriusque
1020 2607 1279 2692 generis
1334 2606 1632 2691 exempla
1676 2605 1852 2671 haud
1895 2605 1994 2671 ita
2037 2629 2247 2691 pauca

206 2694 399 2761 nobis
476 2698 630 2761 sunt
703 2698 974 2761 servata.
1063 2696 1353 2762 Alterius
1418 2695 1684 2780 eiusque
1754 2694 2043 2760 melioris
2107 2696 2247 2761 effi-

131 2841 132 2850 ,
206 2784 381 2868 giem
441 2783 756 2868 praebent
815 2786 949 2849 tres
1016 2785 1271 2851 codices
1280 2834 1302 2870 ,
1370 2806 1648 2870 quorum
1724 2804 2131 2850 consensum·
2177 2785 2250 2851 in

205 2872 328 2938 hac
384 2873 666 2939 editione
722 2872 1087 2958 significavi
1138 2873 1333 2940 litera
1385 2883 1476 2940 A:
1536 2875 1694 2939 sunt
1737 2876 1953 2939 autem
1991 2874 2246 2941 codices

204 2983 365 3047 quos
411 2962 553 3047 ipse
599 2961 842 3028 contuli
886 2960 1330 3029 Puteaneus
1377 2959 1489 3049 (P)
1552 2961 1964 3028 Parisinus
2023 2963 2238 3029 10317

202 3049 364 3136 (Pe)
422 3049 826 3118 Gudianus
883 3050 971 3117 54
1018 3049 1193 3138 (G²)‚
1256 3052 1494 3138 quibus
1538 3051 1854 3118 Achilleis
1908 3073 2039 3117 una
2092 3074 2244 3118 cum

206 3139 537 3206 Thebaide
583 3140 969 3207 continetur.
1072 3140 1197 3217 Qui
1252 3141 1513 3226 quidem
1570 3162 1648 3206 ex
1700 3161 1833 3206 uno
1891 3141 2249 3228 eodemque

524 3284 632 3291 ..η-

347 3351 402 3419 2)
446 3348 679 3406 ‘Gustus
716 3351 790 3406 ad
828 3347 1171 3407 Achilleida’
1215 3350 1536 3409 continetur
1571 3370 1666 3424 pp.
1706 3356 1812 3407 415
1851 3368 2002 3424 sqq„
2046 3350 2248 3410 multis

200 3419 362 3477 vitiis
399 3421 826 3495 typographicis
862 3422 1225 3480 deformatus.
