<?xml version="1.0" encoding="UTF-8"?>
<!DOCTYPE html PUBLIC "-//W3C//DTD XHTML 1.0 Transitional//EN"
    "http://www.w3.org/TR/xhtml1/DTD/xhtml1-transitional.dtd">
<html xmlns="http://www.w3.org/1999/xhtml" xml:lang="en" lang="en">
 <head>
  <title>
</title>
<meta http-equiv="Content-Type" content="text/html;charset=utf-8" />
  <meta name='ocr-system' content='tesseract 3.04.00' />
  <meta name='ocr-capabilities' content='ocr_page ocr_carea ocr_par ocr_line ocrx_word'/>
</head>
<body>
  <div class='ocr_page' id='page_1' title='image "./ppapiniusstatiu00placgoog_0571.png"; bbox 0 0 2517 3909; ppageno 0'>
   <div class='ocr_carea' id='block_1_1' title="bbox 846 131 2206 194">
    <p class='ocr_par' dir='ltr' id='par_1_1' title="bbox 846 131 2206 194">
     <span class='ocr_line' id='line_1_1' title="bbox 846 131 2206 194; baseline -0.001 -1"><span class='ocrx_word' id='word_1_1' title='bbox 846 143 1244 194; x_wconf 72' lang='lat' dir='ltr'>mmmos</span> <span class='ocrx_word' id='word_1_2' title='bbox 1285 144 1426 193; x_wconf 77' lang='lat' dir='ltr'>Lm.</span> <span class='ocrx_word' id='word_1_3' title='bbox 1469 144 1595 194; x_wconf 85' lang='lat' dir='ltr'>x11.</span> <span class='ocrx_word' id='word_1_4' title='bbox 2093 131 2206 193; x_wconf 79' lang='lat'>271</span> 
     </span>
    </p>
   </div>
   <div class='ocr_carea' id='block_1_2' title="bbox 198 296 2227 3516">
    <p class='ocr_par' dir='ltr' id='par_1_2' title="bbox 222 296 2218 550">
     <span class='ocr_line' id='line_1_2' title="bbox 227 296 1848 369; baseline -0.001 -9"><span class='ocrx_word' id='word_1_5' title='bbox 227 296 429 360; x_wconf 82' lang='lat' dir='ltr'>Caede</span> <span class='ocrx_word' id='word_1_6' title='bbox 465 297 668 360; x_wconf 85' lang='lat' dir='ltr'>videre</span> <span class='ocrx_word' id='word_1_7' title='bbox 708 315 936 369; x_wconf 75' lang='lat' dir='ltr'>manus:</span> <span class='ocrx_word' id='word_1_8' title='bbox 980 309 1218 361; x_wconf 83' lang='lat' dir='ltr'>veteres</span> <span class='ocrx_word' id='word_1_9' title='bbox 1255 299 1645 360; x_wconf 76' lang='lat' dir='ltr'>reminiscitur</span> <span class='ocrx_word' id='word_1_10' title='bbox 1683 306 1848 360; x_wconf 88' lang='lat' dir='ltr'>actus</span> 
     </span>
     <span class='ocr_line' id='line_1_3' title="bbox 223 384 2218 464; baseline 0.002 -20"><span class='ocrx_word' id='word_1_11' title='bbox 223 384 369 463; x_wconf 91' lang='lat' dir='ltr'>Ipse</span> <span class='ocrx_word' id='word_1_12' title='bbox 409 393 580 444; x_wconf 90' lang='lat' dir='ltr'>tuens</span> <span class='ocrx_word' id='word_1_13' title='bbox 621 386 958 464; x_wconf 85' lang='lat' dir='ltr'>sociumque</span> <span class='ocrx_word' id='word_1_14' title='bbox 998 402 1243 463; x_wconf 80' lang='lat' dir='ltr'>gregem</span> <span class='ocrx_word' id='word_1_15' title='bbox 1285 384 1707 463; x_wconf 88' lang='lat' dir='ltr'>metuendaque</span> <span class='ocrx_word' id='word_1_16' title='bbox 1750 385 2034 463; x_wconf 90' lang='lat' dir='ltr'>quondam</span> <span class='ocrx_word' id='word_1_17' title='bbox 2116 392 2218 450; x_wconf 81' lang='lat'>675</span> 
     </span>
     <span class='ocr_line' id='line_1_4' title="bbox 222 467 1770 550; baseline -0.001 -21"><span class='ocrx_word' id='word_1_18' title='bbox 222 468 475 545; x_wconf 84' lang='lat' dir='ltr'>Limina,</span> <span class='ocrx_word' id='word_1_19' title='bbox 521 477 581 529; x_wconf 88' lang='lat' dir='ltr'>et</span> <span class='ocrx_word' id='word_1_20' title='bbox 621 467 924 548; x_wconf 86' lang='lat' dir='ltr'>absumpto</span> <span class='ocrx_word' id='word_1_21' title='bbox 965 470 1281 550; x_wconf 83' lang='lat' dir='ltr'>pallentem</span> <span class='ocrx_word' id='word_1_22' title='bbox 1324 469 1608 530; x_wconf 84' lang='lat' dir='ltr'>Gnossida</span> <span class='ocrx_word' id='word_1_23' title='bbox 1649 470 1770 529; x_wconf 83' lang='lat' dir='ltr'>filo.</span> 
     </span>
    </p>

    <p class='ocr_par' dir='ltr' id='par_1_3' title="bbox 224 555 2220 1142">
     <span class='ocr_line' id='line_1_5' title="bbox 360 555 1870 634; baseline 0 -20"><span class='ocrx_word' id='word_1_24' title='bbox 360 555 583 614; x_wconf 83' lang='lat' dir='ltr'>Saevus</span> <span class='ocrx_word' id='word_1_25' title='bbox 625 562 683 613; x_wconf 89' lang='lat' dir='ltr'>at</span> <span class='ocrx_word' id='word_1_26' title='bbox 723 555 944 615; x_wconf 89' lang='lat' dir='ltr'>interea</span> <span class='ocrx_word' id='word_1_27' title='bbox 987 555 1146 615; x_wconf 81' lang='lat' dir='ltr'>ferro</span> <span class='ocrx_word' id='word_1_28' title='bbox 1189 564 1326 634; x_wconf 89' lang='lat' dir='ltr'>post</span> <span class='ocrx_word' id='word_1_29' title='bbox 1367 564 1535 632; x_wconf 85' lang='lat' dir='ltr'>terga</span> <span class='ocrx_word' id='word_1_30' title='bbox 1575 556 1870 616; x_wconf 83' lang='lat' dir='ltr'>revinctas</span> 
     </span>
     <span class='ocr_line' id='line_1_6' title="bbox 224 637 1686 718; baseline 0.001 -20"><span class='ocrx_word' id='word_1_31' title='bbox 224 638 563 715; x_wconf 81' lang='lat' dir='ltr'>Antigonen</span> <span class='ocrx_word' id='word_1_32' title='bbox 598 638 941 718; x_wconf 80' lang='lat' dir='ltr'>viduamque</span> <span class='ocrx_word' id='word_1_33' title='bbox 982 637 1178 699; x_wconf 85' lang='lat' dir='ltr'>Creon</span> <span class='ocrx_word' id='word_1_34' title='bbox 1214 639 1524 701; x_wconf 88' lang='lat' dir='ltr'>Adrastida</span> <span class='ocrx_word' id='word_1_35' title='bbox 1566 638 1686 700; x_wconf 89' lang='lat' dir='ltr'>leto</span> 
     </span>
     <span class='ocr_line' id='line_1_7' title="bbox 225 721 1981 803; baseline 0.001 -21"><span class='ocrx_word' id='word_1_36' title='bbox 225 722 550 791; x_wconf 79' lang='lat' dir='ltr'>Admovet3</span> <span class='ocrx_word' id='word_1_37' title='bbox 594 721 796 783; x_wconf 87' lang='lat' dir='ltr'>ambae</span> <span class='ocrx_word' id='word_1_38' title='bbox 841 724 1057 784; x_wconf 81' lang='lat' dir='ltr'>hilares</span> <span class='ocrx_word' id='word_1_39' title='bbox 1102 733 1160 784; x_wconf 91' lang='lat' dir='ltr'>et</span> <span class='ocrx_word' id='word_1_40' title='bbox 1201 726 1402 784; x_wconf 88' lang='lat' dir='ltr'>mortis</span> <span class='ocrx_word' id='word_1_41' title='bbox 1447 740 1646 784; x_wconf 88' lang='lat' dir='ltr'>amore</span> <span class='ocrx_word' id='word_1_42' title='bbox 1688 722 1981 803; x_wconf 79' lang='lat' dir='ltr'>superbae</span> 
     </span>
     <span class='ocr_line' id='line_1_8' title="bbox 225 805 2220 888; baseline 0.002 -20"><span class='ocrx_word' id='word_1_43' title='bbox 225 805 483 868; x_wconf 86' lang='lat' dir='ltr'>Ensibus</span> <span class='ocrx_word' id='word_1_44' title='bbox 524 807 863 886; x_wconf 82' lang='lat' dir='ltr'>intemptant</span> <span class='ocrx_word' id='word_1_45' title='bbox 903 808 1135 886; x_wconf 86' lang='lat' dir='ltr'>iugulos</span> <span class='ocrx_word' id='word_1_46' title='bbox 1176 826 1497 888; x_wconf 82' lang='lat' dir='ltr'>regemque</span> <span class='ocrx_word' id='word_1_47' title='bbox 1539 818 1835 869; x_wconf 88' lang='lat' dir='ltr'>cruentum</span> <span class='ocrx_word' id='word_1_48' title='bbox 2114 816 2220 872; x_wconf 84' lang='grc'>680</span> 
     </span>
     <span class='ocr_line' id='line_1_9' title="bbox 225 891 1847 972; baseline 0.001 -20"><span class='ocrx_word' id='word_1_49' title='bbox 225 891 594 966; x_wconf 78' lang='lat' dir='ltr'>Destituant,</span> <span class='ocrx_word' id='word_1_50' title='bbox 640 910 812 971; x_wconf 87' lang='lat' dir='ltr'>quum</span> <span class='ocrx_word' id='word_1_51' title='bbox 852 893 1005 953; x_wconf 88' lang='lat' dir='ltr'>dicta</span> <span class='ocrx_word' id='word_1_52' title='bbox 1046 893 1243 954; x_wconf 80' lang='lat' dir='ltr'>ferens</span> <span class='ocrx_word' id='word_1_53' title='bbox 1287 893 1537 954; x_wconf 81' lang='lat' dir='ltr'>Theseia</span> <span class='ocrx_word' id='word_1_54' title='bbox 1578 892 1847 972; x_wconf 82' lang='lat' dir='ltr'>Phegeus</span> 
     </span>
     <span class='ocr_line' id='line_1_10' title="bbox 229 975 1653 1056; baseline 0.001 -20"><span class='ocrx_word' id='word_1_55' title='bbox 229 976 503 1052; x_wconf 82' lang='lat' dir='ltr'>Adstitit,</span> <span class='ocrx_word' id='word_1_56' title='bbox 547 975 650 1036; x_wconf 80' lang='lat' dir='ltr'>ille</span> <span class='ocrx_word' id='word_1_57' title='bbox 691 976 924 1056; x_wconf 81' lang='lat' dir='ltr'>quidem</span> <span class='ocrx_word' id='word_1_58' title='bbox 963 980 1138 1038; x_wconf 90' lang='lat' dir='ltr'>ramis</span> <span class='ocrx_word' id='word_1_59' title='bbox 1174 980 1419 1038; x_wconf 75' lang='lat' dir='ltr'>insontis</span> <span class='ocrx_word' id='word_1_60' title='bbox 1461 977 1653 1038; x_wconf 85' lang='lat' dir='ltr'>olivae</span> 
     </span>
     <span class='ocr_line' id='line_1_11' title="bbox 230 1060 1722 1142; baseline 0.001 -21"><span class='ocrx_word' id='word_1_61' title='bbox 230 1060 549 1136; x_wconf 80' lang='lat' dir='ltr'>Pacificas,</span> <span class='ocrx_word' id='word_1_62' title='bbox 589 1061 695 1121; x_wconf 88' lang='lat' dir='ltr'>sed</span> <span class='ocrx_word' id='word_1_63' title='bbox 735 1061 893 1122; x_wconf 89' lang='lat' dir='ltr'>bella</span> <span class='ocrx_word' id='word_1_64' title='bbox 935 1062 1056 1122; x_wconf 88' lang='lat' dir='ltr'>ciet</span> <span class='ocrx_word' id='word_1_65' title='bbox 1088 1061 1423 1142; x_wconf 86' lang='lat' dir='ltr'>bellumque</span> <span class='ocrx_word' id='word_1_66' title='bbox 1461 1064 1722 1139; x_wconf 90' lang='lat' dir='ltr'>minatur,</span> 
     </span>
    </p>

    <p class='ocr_par' dir='ltr' id='par_1_4' title="bbox 228 1145 2217 1395">
     <span class='ocr_line' id='line_1_12' title="bbox 232 1145 2092 1226; baseline -0.002 -19"><span class='ocrx_word' id='word_1_67' title='bbox 232 1145 463 1207; x_wconf 86' lang='lat' dir='ltr'>Grande</span> <span class='ocrx_word' id='word_1_68' title='bbox 502 1145 756 1206; x_wconf 80' lang='lat' dir='ltr'>fremens</span> <span class='ocrx_word' id='word_1_69' title='bbox 799 1148 1145 1226; x_wconf 60' lang='lat' dir='ltr'>nimiumque</span> <span class='ocrx_word' id='word_1_70' title='bbox 1186 1162 1410 1208; x_wconf 88' lang='lat' dir='ltr'>memor</span> <span class='ocrx_word' id='word_1_71' title='bbox 1450 1147 1764 1208; x_wconf 89' lang='lat' dir='ltr'>mandantis</span> <span class='ocrx_word' id='word_1_72' title='bbox 1809 1154 1868 1206; x_wconf 83' lang='lat' dir='ltr'>et</span> <span class='ocrx_word' id='word_1_73' title='bbox 1906 1146 2092 1225; x_wconf 89' lang='lat' dir='ltr'>ipsum</span> 
     </span>
     <span class='ocr_line' id='line_1_13' title="bbox 228 1228 2217 1313; baseline 0.001 -22"><span class='ocrx_word' id='word_1_74' title='bbox 228 1228 352 1291; x_wconf 89' lang='lat' dir='ltr'>Iam</span> <span class='ocrx_word' id='word_1_75' title='bbox 391 1247 612 1309; x_wconf 89' lang='lat' dir='ltr'>prope,</span> <span class='ocrx_word' id='word_1_76' title='bbox 654 1232 765 1291; x_wconf 88' lang='lat' dir='ltr'>iam</span> <span class='ocrx_word' id='word_1_77' title='bbox 804 1232 1031 1293; x_wconf 88' lang='lat' dir='ltr'>medios</span> <span class='ocrx_word' id='word_1_78' title='bbox 1073 1234 1310 1313; x_wconf 88' lang='lat' dir='ltr'>operire</span> <span class='ocrx_word' id='word_1_79' title='bbox 1354 1231 1693 1292; x_wconf 83' lang='lat' dir='ltr'>cohortibus</span> <span class='ocrx_word' id='word_1_80' title='bbox 1735 1247 1913 1309; x_wconf 85' lang='lat' dir='ltr'>agros</span> <span class='ocrx_word' id='word_1_81' title='bbox 2113 1238 2217 1293; x_wconf 79' lang='grc'>685</span> 
     </span>
     <span class='ocr_line' id='line_1_14' title="bbox 230 1313 1797 1395; baseline 0.003 -22"><span class='ocrx_word' id='word_1_82' title='bbox 230 1313 625 1392; x_wconf 87' lang='lat' dir='ltr'>Ingeminans;</span> <span class='ocrx_word' id='word_1_83' title='bbox 671 1316 833 1377; x_wconf 88' lang='lat' dir='ltr'>stetit</span> <span class='ocrx_word' id='word_1_84' title='bbox 874 1317 1143 1395; x_wconf 82' lang='lat' dir='ltr'>ambiguo</span> <span class='ocrx_word' id='word_1_85' title='bbox 1187 1317 1494 1378; x_wconf 85' lang='lat' dir='ltr'>Thebanus</span> <span class='ocrx_word' id='word_1_86' title='bbox 1536 1318 1594 1377; x_wconf 90' lang='lat' dir='ltr'>in</span> <span class='ocrx_word' id='word_1_87' title='bbox 1633 1326 1797 1377; x_wconf 89' lang='lat' dir='ltr'>aestu</span> 
     </span>
    </p>

    <p class='ocr_par' dir='ltr' id='par_1_5' title="bbox 235 1397 1876 1482">
     <span class='ocr_line' id='line_1_15' title="bbox 235 1397 1876 1482; baseline -0.001 -22"><span class='ocrx_word' id='word_1_88' title='bbox 235 1397 547 1476; x_wconf 88' lang='lat' dir='ltr'>Curarum,</span> <span class='ocrx_word' id='word_1_89' title='bbox 592 1409 905 1481; x_wconf 73' lang='lat' dir='ltr'>nutantque</span> <span class='ocrx_word' id='word_1_90' title='bbox 947 1403 1136 1462; x_wconf 85' lang='lat' dir='ltr'>minae</span> <span class='ocrx_word' id='word_1_91' title='bbox 1176 1412 1234 1463; x_wconf 91' lang='lat' dir='ltr'>et</span> <span class='ocrx_word' id='word_1_92' title='bbox 1274 1403 1436 1482; x_wconf 87' lang='lat' dir='ltr'>prior</span> <span class='ocrx_word' id='word_1_93' title='bbox 1477 1402 1561 1461; x_wconf 90' lang='lat' dir='ltr'>ira</span> <span class='ocrx_word' id='word_1_94' title='bbox 1606 1401 1876 1480; x_wconf 88' lang='lat' dir='ltr'>tepescit.</span> 
     </span>
    </p>

    <p class='ocr_par' dir='ltr' id='par_1_6' title="bbox 234 1482 2222 1819">
     <span class='ocr_line' id='line_1_16' title="bbox 364 1482 1988 1567; baseline 0.001 -24"><span class='ocrx_word' id='word_1_95' title='bbox 364 1482 524 1544; x_wconf 88' lang='lat' dir='ltr'>Tunc</span> <span class='ocrx_word' id='word_1_96' title='bbox 569 1485 755 1545; x_wconf 83' lang='lat' dir='ltr'>firmat</span> <span class='ocrx_word' id='word_1_97' title='bbox 797 1503 970 1562; x_wconf 90' lang='lat' dir='ltr'>sese,</span> <span class='ocrx_word' id='word_1_98' title='bbox 1019 1486 1330 1567; x_wconf 84' lang='lat' dir='ltr'>fictumque</span> <span class='ocrx_word' id='word_1_99' title='bbox 1372 1505 1443 1547; x_wconf 91' lang='lat' dir='ltr'>ac</span> <span class='ocrx_word' id='word_1_100' title='bbox 1483 1488 1647 1546; x_wconf 89' lang='lat' dir='ltr'>triste</span> <span class='ocrx_word' id='word_1_101' title='bbox 1687 1485 1988 1546; x_wconf 84' lang='lat' dir='ltr'>renidens:</span> 
     </span>
     <span class='ocr_line' id='line_1_17' title="bbox 236 1568 1864 1649; baseline 0.001 -20"><span class='ocrx_word' id='word_1_102' title='bbox 236 1568 533 1629; x_wconf 73' lang='lat' dir='ltr'>‘Parvane</span> <span class='ocrx_word' id='word_1_103' title='bbox 576 1571 914 1649; x_wconf 85' lang='lat' dir='ltr'>prostratis,</span> <span class='ocrx_word' id='word_1_104' title='bbox 960 1572 1172 1649; x_wconf 90' lang='lat' dir='ltr'>inquit,</span> <span class='ocrx_word' id='word_1_105' title='bbox 1218 1573 1562 1632; x_wconf 84' lang='lat' dir='ltr'>documenta</span> <span class='ocrx_word' id='word_1_106' title='bbox 1603 1570 1864 1647; x_wconf 74' lang='lat' dir='ltr'>Mycenis</span> 
     </span>
     <span class='ocr_line' id='line_1_18' title="bbox 235 1652 2222 1734; baseline 0.002 -20"><span class='ocrx_word' id='word_1_107' title='bbox 235 1652 585 1714; x_wconf 80' lang='lat' dir='ltr'>Sanximus?</span> <span class='ocrx_word' id='word_1_108' title='bbox 629 1671 703 1714; x_wconf 90' lang='lat' dir='ltr'>en</span> <span class='ocrx_word' id='word_1_109' title='bbox 738 1655 974 1731; x_wconf 91' lang='lat' dir='ltr'>iterum,</span> <span class='ocrx_word' id='word_1_110' title='bbox 1017 1657 1113 1734; x_wconf 92' lang='lat' dir='ltr'>qui</span> <span class='ocrx_word' id='word_1_111' title='bbox 1156 1657 1385 1715; x_wconf 91' lang='lat' dir='ltr'>moenia</span> <span class='ocrx_word' id='word_1_112' title='bbox 1428 1664 1627 1716; x_wconf 87' lang='lat' dir='ltr'>nostra</span> <span class='ocrx_word' id='word_1_113' title='bbox 1670 1655 1981 1715; x_wconf 82' lang='lat' dir='ltr'>lacessant.</span> <span class='ocrx_word' id='word_1_114' title='bbox 2116 1663 2222 1718; x_wconf 87' lang='grc'>690</span> 
     </span>
     <span class='ocr_line' id='line_1_19' title="bbox 234 1737 1930 1819; baseline 0.001 -22"><span class='ocrx_word' id='word_1_115' title='bbox 234 1737 602 1818; x_wconf 86' lang='lat' dir='ltr'>Accipimus,</span> <span class='ocrx_word' id='word_1_116' title='bbox 645 1740 907 1808; x_wconf 79' lang='lat' dir='ltr'>veniant3</span> <span class='ocrx_word' id='word_1_117' title='bbox 953 1740 1058 1799; x_wconf 89' lang='lat' dir='ltr'>sed</span> <span class='ocrx_word' id='word_1_118' title='bbox 1095 1755 1169 1800; x_wconf 91' lang='lat' dir='ltr'>ne</span> <span class='ocrx_word' id='word_1_119' title='bbox 1212 1749 1348 1819; x_wconf 89' lang='lat' dir='ltr'>post</span> <span class='ocrx_word' id='word_1_120' title='bbox 1388 1739 1546 1799; x_wconf 91' lang='lat' dir='ltr'>bella</span> <span class='ocrx_word' id='word_1_121' title='bbox 1590 1748 1930 1819; x_wconf 86' lang='lat' dir='ltr'>querantur:</span> 
     </span>
    </p>

    <p class='ocr_par' dir='ltr' id='par_1_7' title="bbox 232 1821 2223 2327">
     <span class='ocr_line' id='line_1_20' title="bbox 232 1821 1815 1903; baseline 0.001 -21"><span class='ocrx_word' id='word_1_122' title='bbox 232 1821 357 1883; x_wconf 87' lang='lat' dir='ltr'>Lex</span> <span class='ocrx_word' id='word_1_123' title='bbox 398 1822 600 1884; x_wconf 88' lang='lat' dir='ltr'>eadem</span> <span class='ocrx_word' id='word_1_124' title='bbox 639 1824 858 1884; x_wconf 63' lang='lat' dir='ltr'>victis!</span> <span class='ocrx_word' id='word_1_125' title='bbox 941 1822 1133 1900; x_wconf 85' lang='lat' dir='ltr'>Dixit,</span> <span class='ocrx_word' id='word_1_126' title='bbox 1181 1824 1290 1884; x_wconf 91' lang='lat' dir='ltr'>sed</span> <span class='ocrx_word' id='word_1_127' title='bbox 1327 1824 1571 1903; x_wconf 88' lang='lat' dir='ltr'>pulvere</span> <span class='ocrx_word' id='word_1_128' title='bbox 1614 1841 1815 1883; x_wconf 88' lang='lat' dir='ltr'>crasso</span> 
     </span>
     <span class='ocr_line' id='line_1_21' title="bbox 237 1904 1798 1988; baseline 0 -22"><span class='ocrx_word' id='word_1_129' title='bbox 237 1904 509 1983; x_wconf 86' lang='lat' dir='ltr'>Caligare</span> <span class='ocrx_word' id='word_1_130' title='bbox 553 1908 701 1968; x_wconf 94' lang='lat' dir='ltr'>diem</span> <span class='ocrx_word' id='word_1_131' title='bbox 746 1918 805 1969; x_wconf 91' lang='lat' dir='ltr'>et</span> <span class='ocrx_word' id='word_1_132' title='bbox 846 1907 1055 1985; x_wconf 73' lang='lat' dir='ltr'>Tyrios</span> <span class='ocrx_word' id='word_1_133' title='bbox 1096 1911 1229 1987; x_wconf 87' lang='lat' dir='ltr'>iuga</span> <span class='ocrx_word' id='word_1_134' title='bbox 1274 1909 1526 1988; x_wconf 86' lang='lat' dir='ltr'>perdere</span> <span class='ocrx_word' id='word_1_135' title='bbox 1571 1916 1798 1967; x_wconf 87' lang='lat' dir='ltr'>montes</span> 
     </span>
     <span class='ocr_line' id='line_1_22' title="bbox 235 1990 1799 2073; baseline 0.001 -23"><span class='ocrx_word' id='word_1_136' title='bbox 235 1990 533 2070; x_wconf 88' lang='lat' dir='ltr'>Adspicit;</span> <span class='ocrx_word' id='word_1_137' title='bbox 579 1994 785 2053; x_wconf 88' lang='lat' dir='ltr'>armari</span> <span class='ocrx_word' id='word_1_138' title='bbox 826 1993 1078 2073; x_wconf 90' lang='lat' dir='ltr'>populos</span> <span class='ocrx_word' id='word_1_139' title='bbox 1118 2003 1310 2055; x_wconf 88' lang='lat' dir='ltr'>tamen</span> <span class='ocrx_word' id='word_1_140' title='bbox 1349 2011 1621 2073; x_wconf 89' lang='lat' dir='ltr'>armaque</span> <span class='ocrx_word' id='word_1_141' title='bbox 1660 1992 1799 2052; x_wconf 81' lang='lat' dir='ltr'>ferri</span> 
     </span>
     <span class='ocr_line' id='line_1_23' title="bbox 234 2074 2223 2157; baseline 0.004 -21"><span class='ocrx_word' id='word_1_142' title='bbox 234 2074 376 2155; x_wconf 91' lang='lat' dir='ltr'>Ipse</span> <span class='ocrx_word' id='word_1_143' title='bbox 420 2075 580 2136; x_wconf 89' lang='lat' dir='ltr'>iubet</span> <span class='ocrx_word' id='word_1_144' title='bbox 624 2077 880 2156; x_wconf 78' lang='lat' dir='ltr'>pallens,</span> <span class='ocrx_word' id='word_1_145' title='bbox 931 2079 1277 2157; x_wconf 89' lang='lat' dir='ltr'>mediaeque</span> <span class='ocrx_word' id='word_1_146' title='bbox 1319 2081 1376 2137; x_wconf 95' lang='lat' dir='ltr'>in</span> <span class='ocrx_word' id='word_1_147' title='bbox 1421 2078 1657 2138; x_wconf 88' lang='lat' dir='ltr'>sedibus</span> <span class='ocrx_word' id='word_1_148' title='bbox 1698 2077 1866 2140; x_wconf 88' lang='lat' dir='ltr'>aulae</span> <span class='ocrx_word' id='word_1_149' title='bbox 2117 2088 2223 2144; x_wconf 79' lang='lat'>695</span> 
     </span>
     <span class='ocr_line' id='line_1_24' title="bbox 235 2158 1833 2242; baseline 0.003 -22"><span class='ocrx_word' id='word_1_150' title='bbox 235 2158 584 2221; x_wconf 87' lang='lat' dir='ltr'>Eumenidas</span> <span class='ocrx_word' id='word_1_151' title='bbox 627 2161 847 2223; x_wconf 79' lang='lat' dir='ltr'>subitas</span> <span class='ocrx_word' id='word_1_152' title='bbox 888 2162 1238 2242; x_wconf 85' lang='lat' dir='ltr'>flentemque</span> <span class='ocrx_word' id='word_1_153' title='bbox 1283 2162 1605 2224; x_wconf 75' lang='lat' dir='ltr'>Menoecea</span> <span class='ocrx_word' id='word_1_154' title='bbox 1648 2166 1833 2224; x_wconf 89' lang='lat' dir='ltr'>cernit</span> 
     </span>
     <span class='ocr_line' id='line_1_25' title="bbox 236 2243 1810 2327; baseline 0.001 -22"><span class='ocrx_word' id='word_1_155' title='bbox 236 2243 524 2306; x_wconf 88' lang='lat' dir='ltr'>Turbidus</span> <span class='ocrx_word' id='word_1_156' title='bbox 564 2246 968 2327; x_wconf 87' lang='lat' dir='ltr'>inpositosque</span> <span class='ocrx_word' id='word_1_157' title='bbox 1007 2250 1170 2326; x_wconf 80' lang='lat' dir='ltr'>rogis</span> <span class='ocrx_word' id='word_1_158' title='bbox 1213 2248 1471 2326; x_wconf 90' lang='lat' dir='ltr'>gaudere</span> <span class='ocrx_word' id='word_1_159' title='bbox 1506 2246 1810 2324; x_wconf 85' lang='lat' dir='ltr'>Pelasgos.</span> 
     </span>
    </p>

    <p class='ocr_par' dir='ltr' id='par_1_8' title="bbox 198 2328 2226 2752">
     <span class='ocr_line' id='line_1_26' title="bbox 368 2328 1972 2410; baseline 0.002 -21"><span class='ocrx_word' id='word_1_160' title='bbox 368 2328 511 2404; x_wconf 83' lang='lat' dir='ltr'>Quis</span> <span class='ocrx_word' id='word_1_161' title='bbox 554 2330 661 2391; x_wconf 80' lang='lat' dir='ltr'>fuit</span> <span class='ocrx_word' id='word_1_162' title='bbox 700 2332 801 2393; x_wconf 88' lang='lat' dir='ltr'>ille</span> <span class='ocrx_word' id='word_1_163' title='bbox 845 2330 1014 2393; x_wconf 78' lang='lat' dir='ltr'>dies?</span> <span class='ocrx_word' id='word_1_164' title='bbox 1057 2342 1215 2393; x_wconf 89' lang='lat' dir='ltr'>tanto</span> <span class='ocrx_word' id='word_1_165' title='bbox 1264 2351 1392 2393; x_wconf 89' lang='lat' dir='ltr'>cum</span> <span class='ocrx_word' id='word_1_166' title='bbox 1435 2333 1711 2410; x_wconf 87' lang='lat' dir='ltr'>sanguine</span> <span class='ocrx_word' id='word_1_167' title='bbox 1755 2332 1972 2394; x_wconf 83' lang='lat' dir='ltr'>Thebis</span> 
     </span>
     <span class='ocr_line' id='line_1_27' title="bbox 236 2413 1854 2495; baseline 0.002 -20"><span class='ocrx_word' id='word_1_168' title='bbox 236 2413 358 2475; x_wconf 86' lang='lat' dir='ltr'>Pax</span> <span class='ocrx_word' id='word_1_169' title='bbox 399 2415 630 2476; x_wconf 83' lang='lat' dir='ltr'>inventa</span> <span class='ocrx_word' id='word_1_170' title='bbox 670 2414 864 2495; x_wconf 79' lang='lat' dir='ltr'>perit?</span> <span class='ocrx_word' id='word_1_171' title='bbox 947 2417 1151 2478; x_wconf 86' lang='lat' dir='ltr'>Patriis</span> <span class='ocrx_word' id='word_1_172' title='bbox 1192 2418 1366 2478; x_wconf 91' lang='lat' dir='ltr'>modo</span> <span class='ocrx_word' id='word_1_173' title='bbox 1407 2417 1520 2478; x_wconf 83' lang='lat' dir='ltr'>fixa</span> <span class='ocrx_word' id='word_1_174' title='bbox 1561 2417 1854 2479; x_wconf 85' lang='lat' dir='ltr'>revellunt</span> 
     </span>
     <span class='ocr_line' id='line_1_28' title="bbox 237 2498 2226 2582; baseline 0.005 -24"><span class='ocrx_word' id='word_1_175' title='bbox 237 2498 414 2559; x_wconf 88' lang='lat' dir='ltr'>Arma</span> <span class='ocrx_word' id='word_1_176' title='bbox 457 2499 618 2577; x_wconf 88' lang='lat' dir='ltr'>deis,</span> <span class='ocrx_word' id='word_1_177' title='bbox 664 2502 989 2582; x_wconf 85' lang='lat' dir='ltr'>clipeisque</span> <span class='ocrx_word' id='word_1_178' title='bbox 1032 2502 1324 2563; x_wconf 89' lang='lat' dir='ltr'>obducunt</span> <span class='ocrx_word' id='word_1_179' title='bbox 1367 2511 1609 2582; x_wconf 91' lang='lat' dir='ltr'>pectora</span> <span class='ocrx_word' id='word_1_180' title='bbox 1650 2502 1872 2580; x_wconf 80' lang='lat' dir='ltr'>fractis,</span> <span class='ocrx_word' id='word_1_181' title='bbox 2120 2512 2226 2567; x_wconf 88' lang='grc'>700</span> 
     </span>
     <span class='ocr_line' id='line_1_29' title="bbox 235 2582 1679 2661; baseline 0.002 -18"><span class='ocrx_word' id='word_1_182' title='bbox 235 2582 313 2644; x_wconf 91' lang='lat' dir='ltr'>Et</span> <span class='ocrx_word' id='word_1_183' title='bbox 353 2584 558 2661; x_wconf 86' lang='lat' dir='ltr'>galeas</span> <span class='ocrx_word' id='word_1_184' title='bbox 601 2585 844 2647; x_wconf 86' lang='lat' dir='ltr'>humiles</span> <span class='ocrx_word' id='word_1_185' title='bbox 882 2596 942 2647; x_wconf 89' lang='lat' dir='ltr'>et</span> <span class='ocrx_word' id='word_1_186' title='bbox 982 2586 1169 2648; x_wconf 86' lang='lat' dir='ltr'>adhuc</span> <span class='ocrx_word' id='word_1_187' title='bbox 1209 2586 1503 2647; x_wconf 88' lang='lat' dir='ltr'>sordentia</span> <span class='ocrx_word' id='word_1_188' title='bbox 1541 2585 1679 2647; x_wconf 90' lang='lat' dir='ltr'>tabo</span> 
     </span>
     <span class='ocr_line' id='line_1_30' title="bbox 198 2668 2026 2752; baseline 0.002 -24"><span class='ocrx_word' id='word_1_189' title='bbox 198 2688 204 2694; x_wconf 88' lang='grc'><em>·</em></span> <span class='ocrx_word' id='word_1_190' title='bbox 239 2668 508 2749; x_wconf 58' lang='grc' dir='ltr'>8ρίουίαρ</span> <span class='ocrx_word' id='word_1_191' title='bbox 552 2687 665 2729; x_wconf 92' lang='lat' dir='ltr'>non</span> <span class='ocrx_word' id='word_1_192' title='bbox 708 2671 996 2750; x_wconf 86' lang='lat' dir='ltr'>pharetris</span> <span class='ocrx_word' id='word_1_193' title='bbox 1037 2672 1370 2752; x_wconf 84' lang='lat' dir='ltr'>quisquam,</span> <span class='ocrx_word' id='word_1_194' title='bbox 1412 2688 1529 2731; x_wconf 88' lang='lat' dir='ltr'>non</span> <span class='ocrx_word' id='word_1_195' title='bbox 1569 2688 1710 2731; x_wconf 89' lang='lat' dir='ltr'>ense</span> <span class='ocrx_word' id='word_1_196' title='bbox 1752 2674 2026 2748; x_wconf 88' lang='lat' dir='ltr'>decorus,</span> 
     </span>
    </p>

    <p class='ocr_par' dir='ltr' id='par_1_9' title="bbox 237 2751 1665 2836">
     <span class='ocr_line' id='line_1_31' title="bbox 237 2751 1665 2836; baseline 0.001 -23"><span class='ocrx_word' id='word_1_197' title='bbox 237 2751 369 2813; x_wconf 91' lang='lat' dir='ltr'>Non</span> <span class='ocrx_word' id='word_1_198' title='bbox 412 2754 762 2831; x_wconf 88' lang='lat' dir='ltr'>spectandus</span> <span class='ocrx_word' id='word_1_199' title='bbox 804 2773 989 2836; x_wconf 86' lang='lat' dir='ltr'>equo;</span> <span class='ocrx_word' id='word_1_200' title='bbox 1036 2759 1215 2817; x_wconf 89' lang='lat' dir='ltr'>cessit</span> <span class='ocrx_word' id='word_1_201' title='bbox 1254 2757 1462 2818; x_wconf 84' lang='lat' dir='ltr'>fiducia</span> <span class='ocrx_word' id='word_1_202' title='bbox 1503 2755 1665 2832; x_wconf 83' lang='lat' dir='ltr'>valli,</span> 
     </span>
    </p>

    <p class='ocr_par' dir='ltr' id='par_1_10' title="bbox 236 2835 1763 2920">
     <span class='ocr_line' id='line_1_32' title="bbox 236 2835 1763 2920; baseline 0.005 -25"><span class='ocrx_word' id='word_1_203' title='bbox 236 2835 531 2897; x_wconf 81' lang='lat' dir='ltr'>Mororum</span> <span class='ocrx_word' id='word_1_204' title='bbox 573 2848 733 2918; x_wconf 81' lang='lat' dir='ltr'>patet</span> <span class='ocrx_word' id='word_1_205' title='bbox 773 2856 942 2901; x_wconf 90' lang='lat' dir='ltr'>omne</span> <span class='ocrx_word' id='word_1_206' title='bbox 986 2841 1167 2917; x_wconf 87' lang='lat' dir='ltr'>latus,</span> <span class='ocrx_word' id='word_1_207' title='bbox 1210 2843 1514 2902; x_wconf 90' lang='lat' dir='ltr'>munimina</span> <span class='ocrx_word' id='word_1_208' title='bbox 1557 2850 1763 2920; x_wconf 89' lang='lat' dir='ltr'>portae</span> 
     </span>
    </p>

    <p class='ocr_par' dir='ltr' id='par_1_11' title="bbox 236 2919 2226 3089">
     <span class='ocr_line' id='line_1_33' title="bbox 236 2919 2226 3004; baseline 0.005 -24"><span class='ocrx_word' id='word_1_209' title='bbox 236 2919 610 3001; x_wconf 86' lang='lat' dir='ltr'>Exposcunt;</span> <span class='ocrx_word' id='word_1_210' title='bbox 655 2925 817 3003; x_wconf 90' lang='lat' dir='ltr'>prior</span> <span class='ocrx_word' id='word_1_211' title='bbox 849 2925 1037 2985; x_wconf 51' lang='lat' dir='ltr'>¹hostis</span> <span class='ocrx_word' id='word_1_212' title='bbox 1071 2925 1281 3004; x_wconf 90' lang='lat' dir='ltr'>habet,</span> <span class='ocrx_word' id='word_1_213' title='bbox 1324 2927 1554 3004; x_wconf 83' lang='lat' dir='ltr'>fastigia</span> <span class='ocrx_word' id='word_1_214' title='bbox 1590 2926 1817 3001; x_wconf 86' lang='lat' dir='ltr'>desunt,</span> <span class='ocrx_word' id='word_1_215' title='bbox 2124 2933 2226 2990; x_wconf 79' lang='lat'>‘105</span> 
     </span>
     <span class='ocr_line' id='line_1_34' title="bbox 237 3004 1814 3089; baseline 0.003 -24"><span class='ocrx_word' id='word_1_216' title='bbox 237 3004 472 3067; x_wconf 88' lang='lat' dir='ltr'>Deiecit</span> <span class='ocrx_word' id='word_1_217' title='bbox 507 3004 842 3088; x_wconf 80' lang='lat' dir='ltr'>Capaneus:</span> <span class='ocrx_word' id='word_1_218' title='bbox 890 3012 1167 3088; x_wconf 84' lang='lat' dir='ltr'>exanguis</span> <span class='ocrx_word' id='word_1_219' title='bbox 1209 3020 1270 3071; x_wconf 89' lang='lat' dir='ltr'>et</span> <span class='ocrx_word' id='word_1_220' title='bbox 1309 3028 1488 3089; x_wconf 84' lang='lat' dir='ltr'>aegra</span> <span class='ocrx_word' id='word_1_221' title='bbox 1528 3012 1814 3087; x_wconf 83' lang='lat' dir='ltr'>iuventus,</span> 
     </span>
    </p>

    <p class='ocr_par' dir='ltr' id='par_1_12' title="bbox 237 3088 1788 3173">
     <span class='ocr_line' id='line_1_35' title="bbox 237 3088 1788 3173; baseline 0.004 -25"><span class='ocrx_word' id='word_1_222' title='bbox 237 3088 355 3149; x_wconf 87' lang='lat' dir='ltr'>Iam</span> <span class='ocrx_word' id='word_1_223' title='bbox 397 3109 509 3152; x_wconf 90' lang='lat' dir='ltr'>nec</span> <span class='ocrx_word' id='word_1_224' title='bbox 553 3093 893 3170; x_wconf 84' lang='lat' dir='ltr'>coniugibus</span> <span class='ocrx_word' id='word_1_225' title='bbox 938 3111 1206 3173; x_wconf 86' lang='lat' dir='ltr'>suprema</span> <span class='ocrx_word' id='word_1_226' title='bbox 1242 3113 1357 3157; x_wconf 89' lang='lat' dir='ltr'>nec</span> <span class='ocrx_word' id='word_1_227' title='bbox 1397 3096 1600 3156; x_wconf 91' lang='lat' dir='ltr'>oscula</span> <span class='ocrx_word' id='word_1_228' title='bbox 1637 3096 1788 3155; x_wconf 87' lang='lat' dir='ltr'>natis</span> 
     </span>
    </p>

    <p class='ocr_par' dir='ltr' id='par_1_13' title="bbox 239 3171 1616 3261">
     <span class='ocr_line' id='line_1_36' title="bbox 239 3171 1616 3261; baseline 0.004 -28"><span class='ocrx_word' id='word_1_229' title='bbox 239 3171 460 3253; x_wconf 87' lang='lat' dir='ltr'>lungit,</span> <span class='ocrx_word' id='word_1_230' title='bbox 511 3187 572 3238; x_wconf 89' lang='lat' dir='ltr'>et</span> <span class='ocrx_word' id='word_1_231' title='bbox 614 3179 836 3239; x_wconf 80' lang='lat' dir='ltr'>attoniti</span> <span class='ocrx_word' id='word_1_232' title='bbox 877 3179 957 3239; x_wconf 91' lang='lat' dir='ltr'>nil</span> <span class='ocrx_word' id='word_1_233' title='bbox 998 3189 1281 3259; x_wconf 78' lang='lat' dir='ltr'>optavere</span> <span class='ocrx_word' id='word_1_234' title='bbox 1322 3189 1616 3261; x_wconf 89' lang='lat' dir='ltr'>parentes.</span> 
     </span>
    </p>

    <p class='ocr_par' dir='ltr' id='par_1_14' title="bbox 237 3260 2227 3516">
     <span class='ocr_line' id='line_1_37' title="bbox 362 3260 1886 3345; baseline 0.003 -25"><span class='ocrx_word' id='word_1_235' title='bbox 362 3260 589 3322; x_wconf 88' lang='lat' dir='ltr'>Atticus</span> <span class='ocrx_word' id='word_1_236' title='bbox 632 3272 690 3323; x_wconf 97' lang='lat' dir='ltr'>at</span> <span class='ocrx_word' id='word_1_237' title='bbox 732 3272 964 3340; x_wconf 87' lang='lat' dir='ltr'>contra,</span> <span class='ocrx_word' id='word_1_238' title='bbox 1016 3263 1179 3325; x_wconf 87' lang='lat' dir='ltr'>iubar</span> <span class='ocrx_word' id='word_1_239' title='bbox 1217 3275 1280 3326; x_wconf 77' lang='lat' dir='ltr'>ut</span> <span class='ocrx_word' id='word_1_240' title='bbox 1323 3266 1658 3327; x_wconf 89' lang='lat' dir='ltr'>clarescere</span> <span class='ocrx_word' id='word_1_241' title='bbox 1701 3266 1886 3345; x_wconf 89' lang='lat' dir='ltr'>ruptis</span> 
     </span>
     <span class='ocr_line' id='line_1_38' title="bbox 239 3343 2227 3429; baseline 0.006 -27"><span class='ocrx_word' id='word_1_242' title='bbox 239 3343 498 3405; x_wconf 89' lang='lat' dir='ltr'>Nubibus</span> <span class='ocrx_word' id='word_1_243' title='bbox 543 3356 602 3407; x_wconf 91' lang='lat' dir='ltr'>et</span> <span class='ocrx_word' id='word_1_244' title='bbox 642 3347 827 3409; x_wconf 87' lang='lat' dir='ltr'>solem</span> <span class='ocrx_word' id='word_1_245' title='bbox 870 3350 1069 3427; x_wconf 84' lang='lat' dir='ltr'>primis</span> <span class='ocrx_word' id='word_1_246' title='bbox 1111 3350 1378 3429; x_wconf 87' lang='lat' dir='ltr'>adspexit</span> <span class='ocrx_word' id='word_1_247' title='bbox 1415 3352 1471 3411; x_wconf 94' lang='lat' dir='ltr'>in</span> <span class='ocrx_word' id='word_1_248' title='bbox 1515 3351 1707 3426; x_wconf 88' lang='lat' dir='ltr'>armis,</span> <span class='ocrx_word' id='word_1_249' title='bbox 2122 3356 2227 3413; x_wconf 88' lang='grc'>710</span> 
     </span>
     <span class='ocr_line' id='line_1_39' title="bbox 237 3427 1758 3516; baseline 0.006 -28"><span class='ocrx_word' id='word_1_250' title='bbox 237 3427 447 3490; x_wconf 89' lang='lat' dir='ltr'>Desilit</span> <span class='ocrx_word' id='word_1_251' title='bbox 487 3430 546 3490; x_wconf 89' lang='lat' dir='ltr'>in</span> <span class='ocrx_word' id='word_1_252' title='bbox 586 3451 876 3516; x_wconf 90' lang='lat' dir='ltr'>campum,</span> <span class='ocrx_word' id='word_1_253' title='bbox 923 3435 1020 3515; x_wconf 87' lang='lat' dir='ltr'>qui</span> <span class='ocrx_word' id='word_1_254' title='bbox 1061 3434 1267 3496; x_wconf 83' lang='lat' dir='ltr'>subter</span> <span class='ocrx_word' id='word_1_255' title='bbox 1304 3438 1531 3497; x_wconf 86' lang='lat' dir='ltr'>moenia</span> <span class='ocrx_word' id='word_1_256' title='bbox 1572 3434 1758 3497; x_wconf 87' lang='lat' dir='ltr'>nudos</span> 
     </span>
    </p>
   </div>
  </div>
 </body>
</html>
