2517 3909
813 147 1211 199 mmmos
1252 147 1395 198 me.
1427 148 1525 198 vr.
2066 134 2184 200 123

191 306 556 388 Quadriiugi.
641 303 852 367 Noscit
895 313 1136 368 cunctos
1156 350 1174 383 ,
1220 314 1282 366 et
1321 306 1477 366 forte
1519 304 1851 385 propinquo
2079 313 2187 370 370

194 391 590 454 Constiterant
626 389 905 452 Admetus
948 399 1009 453 et
1049 389 1436 470 Amphiaraus
1456 391 1535 449 in
1574 407 1739 450 arvo.

194 477 363 539 Tunc
399 495 631 538 secum:
681 480 702 512 ε
722 473 996 550 Quisnam
1039 477 1162 536 iste
1196 474 1376 552 duos,
1423 473 1705 536 fidissima
1738 472 1978 536 Phoebo

189 561 475 639 Nomina,
523 561 807 622 commisit
840 560 985 621 deus
1027 561 1085 620 in
1128 559 1456 620 discrimina
1492 554 1714 636 reges?
1794 559 1803 566 ’

187 646 383 707 Ambo
428 647 507 727 pii
552 647 789 724 carique
833 644 1032 714 ambo:
1084 661 1371 724 nequeam
1407 646 1538 724 ipse
1578 643 1835 723 priorem

188 729 433 792 Dicere.
520 728 771 790 Peliacis
811 727 907 790 hic
947 747 1120 809 quum
1162 728 1474 791 famularer
1512 729 1571 788 in
1612 727 1801 804 arvis,
1946 749 1952 758 ·
2081 732 2189 789 375

192 816 296 876 Sic
330 814 488 876 Iovis
530 815 771 893 imperia
814 825 873 876 et
912 814 1119 893 nigrae
1152 814 1401 874 voluere
1445 829 1721 889 sorores,

194 898 351 961 Tura
392 898 566 960 dabat
607 898 854 976 famulo,
896 917 1010 960 nec
1051 915 1143 958 me
1187 899 1407 958 sentire
1447 898 1729 956 minorem

190 984 421 1045 Ausus:
466 992 523 1044 at
559 982 656 1044 hic
689 983 991 1083 tripodum·
1022 999 1223 1045 comes
1266 990 1326 1042 et
1367 982 1495 1061 pius
1540 981 1680 1042 artis
1722 978 1984 1039 alumnus

195 1067 568 1137 Aethereae;
610 1068 807 1147 potior
846 1059 1090 1128 meritis
1113 1076 1306 1128 tamen
1346 1065 1483 1142 ille,
1527 1063 1636 1126 sed
1676 1063 1848 1124 huius
1898 1089 1905 1098 ·

190 1152 474 1215 Extrema
514 1153 624 1214 iam
660 1151 756 1213 fila
800 1152 965 1221 colu;
1011 1150 1178 1212 datur
1215 1151 1363 1212 ordo
1404 1158 1682 1210 senectae
2064 1154 2190 1210 -380

190 1236 450 1299 Admeto
494 1253 805 1315 serumque
846 1236 1025 1307 mori·;
1069 1236 1174 1296 tibi
1219 1235 1380 1296 nulla
1423 1241 1734 1314 supersunt

196 1321 453 1397 Gaudia,
497 1322 609 1382 iam
652 1319 891 1381 Thebae
932 1319 1088 1382 iuxta
1132 1330 1193 1381 et
1232 1320 1552 1381 tenebrosa
1589 1333 1835 1395 vorago.¹

194 1407 331 1467 Scis
374 1407 583 1484 miser,
625 1414 683 1466 et
724 1415 961 1467 nostrae
1005 1404 1229 1485 pridem
1274 1407 1548 1465 cecinere
1590 1401 1937 1463 volucres).
1987 1451 1993 1456 .

318 1489 513 1567 Dixit,
559 1499 619 1551 et
662 1507 729 1550 os
770 1489 911 1550 fletu
954 1507 1144 1569 paene
1183 1488 1535 1550 inviolabile·
1566 1488 1777 1549 tinctus

192 1573 512 1655 Extemplo
548 1573 810 1635 Nemeen
849 1573 1110 1634 radiante
1151 1592 1261 1654 per
1303 1574 1544 1635 aethera
1587 1572 1741 1634 saltu
2086 1579 2192 1635 385

200 1659 384 1720 Ocior
423 1669 481 1720 et
522 1661 710 1738 patrio
753 1659 912 1718 venit
950 1659 1088 1736 igne
1129 1661 1369 1738 suisque
1408 1659 1656 1737 sagittis.
1696 1657 1702 1664 ⁴

196 1743 337 1820 Ipse
374 1743 512 1804 olim
546 1747 604 1804 in
643 1743 850 1818 terris,
894 1743 1068 1803 coelo
1110 1744 1359 1821 vestigia
1401 1743 1634 1819 durant,

202 1825 493 1907 claraque
536 1847 645 1908 per
688 1826 994 1907 Zephyros
1039 1829 1344 1888 etiamnum
1384 1828 1588 1887 semita
1629 1826 1806 1888 lucet.

332 1911 408 1973 Et
448 1913 559 1974 iam
604 1914 840 1975 sortitus
882 1910 1169 1973 Prothous
1212 1920 1478 1973 versarat
1518 1910 1708 1972 ahena

204 1995 486 2074 Casside,
531 1999 757 2078 iamque
801 1997 970 2059 locus
1013 1997 1225 2076 cuique
1267 2005 1359 2057 est
1402 2004 1462 2056 et
1500 1995 1711 2055 liminis
1750 1993 1917 2056 ordo.
2089 2003 2197 2059 390

198 2081 510 2143 Terrarum
552 2082 770 2145 decora
813 2082 1001 2161 ampla
1047 2084 1191 2159 viri,
1236 2081 1456 2143 decora
1494 2080 1686 2159 ampla
1732 2079 1997 2157 iugales,
2219 2080 2226 2088 '

196 2165 411 2228 Divum
448 2176 748 2247 utrumque
792 2184 1008 2246 genus,
1055 2165 1208 2228 stant
1243 2183 1360 2228 uno
1391 2165 1651 2245 margine
1696 2163 1912 2241 clausi,

198 2253 478 2331 Spesque
517 2251 823 2331 audaxque
859 2267 970 2311 una
1009 2260 1195 2311 metus
1240 2261 1301 2313 et
1342 2252 1554 2314 fiducia
1595 2248 1846 2330 pallens.
1962 2271 1967 2282 ·

195 2335 300 2397 Nil
342 2336 516 2397 fixum
556 2335 749 2396 cordi:
794 2344 1048 2415 pugnant
1090 2337 1254 2396 exire
1301 2345 1664 2416 paventque,

204 2418 514 2482 Concurrit
556 2437 808 2481 summos
855 2421 1170 2481 animosum
1214 2420 1399 2498 frigus
1440 2421 1500 2479 in
1538 2429 1718 2480 artus.
2089 2425 2197 2484 395

201 2505 319 2579 Qui
362 2505 638 2583 comunis,
682 2505 837 2568 idem
874 2505 1050 2566 ardor
1093 2506 1290 2584 equis;
1335 2504 1467 2564 face
1511 2504 1721 2565 lumina
1764 2510 2037 2580 surg-unt,

200 2588 321 2651 Ora
363 2598 570 2651 sonant
610 2607 806 2651 morsu
851 2590 1217 2669 spumisque,
1265 2597 1325 2648 et
1364 2589 1644 2665 sanguine
1683 2586 1904 2649 ferrum

198 2673 432 2753 Uritur,
473 2674 686 2754 inpulsi
721 2682 1023 2754 nequeunt
1065 2672 1356 2734 obsistere
1400 2671 1607 2751 postes

202 2756 623 2838 claustraque,
663 2775 1041 2838 compressae
1055 2753 1421 2819 transfumat
1460 2756 1744 2818 anhelitus
1786 2756 1930 2818 irae.

204 2845 380 2904 Stare
422 2845 572 2904 adeo
613 2844 883 2904 miserum
928 2852 1050 2920 est,
1097 2851 1349 2923 pereunt
1389 2842 1640 2920 vestigia
1681 2840 1843 2903 mille
2092 2851 2202 2906 400

197 2927 358 2989 Ante
399 2928 627 3006 fugam,
672 2925 1089 3008 absentemque
1131 2927 1267 2988 ferit
1308 2928 1505 3005 gravis
1543 2924 1757 3003 ungula
1803 2943 2081 3005 campum.

202 3010 594 3073 Circumstant
634 3012 761 3090 fidi,
802 3029 1108 3091 nexusque
1151 3021 1211 3072 et
1249 3021 1402 3073 torta
1437 3010 1699 3071 iubarum

198 3094 535 3177 Expediunt
576 3097 918 3177 firmantque
960 3098 1180 3158 animos
1225 3105 1286 3157 et
1321 3095 1565 3175 plurima
1604 3103 1942 3156 monstrant.

330 3181 612 3244 Insonuit
632 3191 834 3242 contra
878 3177 1237 3258 Tyrrhenum
1271 3177 1556 3258 murmur,
1604 3189 1664 3240 et
1705 3179 1907 3240 o'mnes

198 3263 485 3327 Exiluere
528 3266 685 3327 loco.
776 3263 942 3340 Quae
985 3275 1201 3327 tantum
1239 3265 1484 3329 carbasa
1526 3273 1739 3344 ponto,
2090 3269 2195 3326 405

200 3349 372 3425 Quae
417 3349 578 3411 hello
623 3351 709 3412 sic
747 3351 867 3412 tela
904 3350 1135 3430 volant,
1183 3367 1335 3431 quae
1375 3347 1571 3411 nubila
1613 3345 1859 3410 coelo?

196 3434 484 3498 Amuibus
526 3435 800 3497 hibernis
828 3429 1015 3498 minor
1054 3446 1175 3519 est,
1213 3437 1400 3498 minor
1443 3437 1675 3517 inpetus
1714 3432 1870 3512 igni,
