2517 3909
205 150 297 217 90
955 150 1015 206 P.
1054 149 1331 205 PAPINII
1369 148 1611 204 STATH

1239 382 1323 450 V.

874 489 1174 563 mmet
1208 506 1310 561 AD
1349 504 1674 561 UXOREM.

205 632 377 711 Quid
421 634 585 701 mihi
629 637 881 700 maesta
926 634 1049 719 die,
1094 634 1301 700 sociis
1335 633 1488 719 quid
1531 633 1854 718 noctibus,
1899 655 2079 718 uxor,

205 723 425 789 Anxia
469 723 771 811 peruigili
819 723 1000 789 ducis
1047 723 1330 809 suspiria
1374 721 1571 788 eura?

206 812 361 880 Non
404 817 624 880 metuo
668 832 752 878 ne
798 813 979 878 laesa
1023 813 1180 877 fides
1227 814 1343 877 aut
1385 815 1646 914 pectore
1690 812 1762 877 in
1806 811 1935 879 isto

206 900 395 967 Alter
440 924 647 987 am0r3
692 902 890 967 nullis
937 903 1007 967 in
1050 904 1117 967 te
1163 901 1355 966 datur
1398 901 1494 966 ire
1540 900 1800 986 sagittis

83 1007 96 1023 ·
208 990 482 1075 (Audiat
525 992 765 1057 infesto
810 992 965 1058 lieet
1008 991 1134 1057 hoe
1178 990 1588 1056 Rhamnusia
1630 986 1867 1077 uultu),
2314 1007 2348 1057 5

205 1076 361 1145 Non
407 1081 614 1146 datur.
706 1084 774 1145 et
819 1081 877 1146 si
923 1083 1182 1166 egomet
1224 1080 1441 1164 patrio
1489 1079 1568 1144 de
1613 1079 1806 1146 litore
1849 1083 2075 1164 raptus

205 1167 529 1245 Quattuor
575 1170 861 1235 emeritis
906 1191 1023 1254 per
1066 1168 1257 1254 bella,
1304 1189 1420 1253 per
1465 1190 1745 1253 aequora
1788 1169 2011 1234 lustris

203 1255 530 1345 Errarem,
573 1262 648 1325 tu
693 1258 869 1325 mille
914 1280 1147 1344 procos
1192 1258 1445 1323 intaeta
1486 1258 1779 1343 fugares3

205 1345 360 1413 Non
404 1348 795 1434 inperfectas
843 1351 1209 1414 commenta
1253 1344 1543 1412 retexere
1588 1347 1772 1431 telae,

205 1434 335 1501 Sed
381 1438 519 1503 sine
564 1437 791 1503 fraude
836 1438 1074 1523 palam,
1110 1437 1563 1521 thalamosque
1601 1439 1854 1509 armata
1887 1455 2216 1522 negasses,
2283 1453 2348 1521 10

207 1524 329 1591 Die
374 1530 613 1611 tamen,
658 1526 828 1592 unde
874 1527 1011 1591 alta
1053 1526 1216 1591 mihi
1258 1525 1476 1591 fronte
1523 1528 1589 1589 et
1631 1524 1893 1590 nubila
1872 1524 2169 1606 ⁴‚uultus‘P

207 1613 400 1680 Anne
447 1616 620 1702 quod
663 1615 995 1684 Euboicos
1040 1616 1252 1681 fessus
1299 1635 1586 1679 remeare
1629 1617 1900 1699 penates

203 1703 513 1790 Auguror
559 1709 626 1770 et
667 1706 884 1789 patria
929 1704 1179 1770 senium
1223 1724 1612 1788 componere
1655 1702 1873 1768 terra?

205 1790 341 1858 Oui·
382 1795 509 1859 hoe
553 1794 742 1860 triste
787 1794 956 1859 tibi?
1004 1798 1177 1860 eerte
1220 1792 1496 1859 lasciuia
1540 1792 1731 1860 eorde
2318 1831 2326 1836 ·

204 1879 425 1968 Nulla,
468 1904 588 1950 nec
634 1886 748 1948 aut
788 1883 1001 1949 rabidi
1045 1883 1337 1950 mulcent
1377 1884 1444 1946 te
1489 1881 1740 1966 proelia
1783 1878 1955 1946 Circi
2043 1908 2047 1912 ⁹
2284 1897 2351 1948 15

203 1970 345 2036 Aut
386 1972 589 2037 intrat
634 1994 862 2038 sensus
909 1973 1210 2038 damnosi
1254 1971 1449 2037 turba
1493 1970 1768 2057 theatri3
1853 2034 1867 2048 ,

208 2058 333 2126 Sed
377 2062 671 2146 probitas
719 2065 785 2127 et
830 2083 1037 2147 opaea
1080 2061 1264 2145 quies
1311 2063 1377 2126 et
1423 2059 1682 2125 sordida
1726 2081 2081 2145 numquam

205 2146 479 2216 Gaudia.
569 2172 730 2236 quas
778 2154 998 2217 autem
1043 2150 1350 2216 comitem
1395 2150 1462 2214 te
1507 2152 1696 2233 rapto
1742 2169 1860 2233 per
1902 2148 2155 2214 undas?

208 2237 633 2342 Quamquam,
678 2242 744 2305 et
790 2238 848 2306 si
896 2239 1143 2325 gelidas
1187 2239 1351 2303 irem
1397 2259 1743 2304 mansurus
1791 2237 1873 2303 ad
1918 2235 2155 2304 Axetos

205 2324 334 2393 Uel
381 2335 574 2415 super
618 2328 975 2434 Hesperiae
1018 2327 1191 2394 uada
1236 2327 1590 2414 caligantia
1622 2326 1864 2392 Thules
2282 2344 2353 2393 20

207 2415 345 2481 Aut
389 2418 886 2521 septemgemini
932 2421 1132 2502 eaput
1172 2416 1646 2503 inpenetrabile
1689 2415 1849 2501 Nili,

206 2504 527 2572 Partirere
571 2507 732 2573 uias.
822 2508 1061 2578 etenim
1105 2510 1221 2573 tua
1267 2503 1527 2592 (nempe
1573 2504 1860 2591 benigna

211 2593 421 2670 Quam
467 2596 631 2661 mihi
679 2600 853 2662 sorte
899 2595 1122 2664 Uenus
1168 2596 1462 2661 iunctam
1507 2594 1887 2661 florentibus
1936 2595 2124 2659 annis

215 2682 452 2750 Seruat
495 2689 572 2750 et'
604 2685 675 2749 in
722 2683 1022 2774 senium),
1067 2689 1200 2771 tua,
1248 2706 1413 2769 quae
1458 2705 1562 2749 me
1606 2684 1872 2749 uulnere
1915 2683 2126 2769 primo

349 3002 421 3059 V.
474 3003 521 3057 E
524 3003 696 3074 gloga
740 3001 815 3057 ad
857 3017 1088 3058 uxorem
1133 3008 1169 3055 (2
1213 3002 1304 3058 Ad
1350 3001 1645 3085 Claudiam
1691 3005 1727 3057 ς
1766 3019 1800 3054 a
1834 3004 1854 3072 ΙΙ
1893 3009 1922 3056 1
1961 3000 2108 3068 Quid
2154 3001 2352 3058 Bam..-

208 3073 348 3141 Quis
381 3078 428 3128 A
466 3080 502 3127 c
538 3077 557 3144 ΙΙ
592 3080 625 3129 5
663 3075 770 3130 hoe
806 3079 853 3128 A
889 3079 949 3128 c:
986 3075 1128 3130 haee
1167 3078 1203 3130 ς
1239 3076 1261 3145 ΙΙ
1298 3080 1329 3129 7
1367 3072 1609 3129 emensis
1646 3073 1855 3128 Μαι-Μ.
1885 3074 1964 3143 ΒΘ
2005 3072 2352 3143 inperfectae

207 3147 377 3202 idem:
411 3145 742 3202 intersectas
776 3147 891 3212 (uel
924 3146 1273 3217 interfectas)
1309 3151 1345 3198 c
1383 3163 1417 3198 a
1442 3146 1463 3216 ss
1491 3149 1559 3198 10
1583 3144 1838 3228 armata]
1879 3144 2078 3200 orbata
2103 3144 2353 3212 Marqu

207 3218 398 3273 malim
434 3217 688 3273 animata
719 3219 741 3288 fl
779 3223 848 3273 14
884 3217 1039 3273 cordi
1072 3217 1233 3272 Dom.
1262 3218 1284 3288 ΙΙ
1312 3221 1379 3271 15
1417 3215 1601 3286 rapidi
1637 3222 1673 3268 c
1710 3233 1760 3284 a,
1797 3231 1934 3272 corr.
1984 3214 2354 3283 Wakefieldus

209 3287 229 3361 ΙΙ
266 3295 333 3344 16
371 3288 629 3345 damnosi
672 3290 872 3360 scripsi
916 3290 951 3344 l.
999 3290 1034 3344 l
1072 3306 1133 3359 p.
1182 3292 1328 3371 2563
1374 3287 1608 3344 clamosi
1644 3292 1680 3339 c
1716 3305 1750 3340 a.
1781 3289 1791 3356 Ι
1822 3302 1956 3343 cura
1993 3286 2203 3343 Markl.
2231 3288 2352 3358 1120

208 3358 394 3418 thules
429 3365 500 3430 A,
552 3366 617 3417 ut
660 3362 807 3417 uida
834 3360 1013 3416 thiles
1051 3361 1226 3429 01121
1267 3358 1676 3430 inpenetrabile
1712 3363 1783 3414 A:
1826 3360 1893 3413 ut
1924 3358 2277 3428 penetrabile
2314 3365 2350 3411 c

208 3430 228 3504 ΙΙ
263 3438 332 3488 22
367 3431 649 3490 Partirere
683 3433 883 3503 scripsi
918 3431 1395 3489 l.l..·Hortare1-e
1431 3436 1467 3483 c
1504 3448 1538 3483 a
1563 3431 1583 3500 ιΙ
1610 3434 1682 3485 24
1717 3428 1917 3486 Seruet
1924 3376 2071 3486 ΡΜ
