2517 3909
204 178 335 243 130
934 178 999 233 P.
1035 175 1312 232 PAPINII
1349 175 1592 232 STATII

200 323 523 390 Uolueris.
594 324 809 392 Aonio
854 344 989 389 non
1036 322 1128 388 sic
1173 322 1244 386 in
1287 322 1530 387 uertice
1576 321 1835 407 gaudet,

202 412 411 489 Quam
455 416 644 497 pater
690 413 912 480 arcani
955 410 1269 496 praefecit
1311 410 1598 475 hiatibus
1645 410 1820 475 antri

197 502 445 586 Delius,
490 508 605 569 aut
647 501 842 588 primi
887 502 993 567 cui
1034 501 1136 565 ius
1178 499 1550 565 uenerabile
1576 499 1809 583 ‘thyrsi
2240 515 2346 566 115

197 590 492 657 Bacchus
540 597 606 658 et
650 590 971 658 attonitae
1015 588 1250 654 tribuit
1293 588 1539 653 uexilla
1584 593 1898 653 cateruae.

197 679 335 745 Nec
381 684 603 746 tamen
645 680 753 746 hic
800 682 1054 745 mutata
1100 677 1280 763 quies
1326 676 1702 761 probitasue
1750 676 2045 742 secundis

199 767 550 834 Intumuit:
596 773 788 836 tenor
831 768 1003 833 idem
1051 767 1269 831 animo
1316 787 1654 850 moresque
1698 766 1977 831 modesti

195 856 484 923 Fortuna
529 861 857 924 crescente
902 857 1190 923 manent.
1259 854 1444 920 fouet
1488 855 1683 919 anxia
1726 876 1913 919 curas
2495 881 2502 936 q

197 945 510 1032 Coniugis
555 948 984 1031 hortaturque
1032 944 1227 1010 simul
1273 943 1602 1029 flectitque
1646 944 1923 1009 labores.
2241 960 2346 1010 120

195 1036 351 1120 Ipsa
394 1035 595 1121 dapes
641 1035 931 1102 modicas
978 1038 1048 1099 et
1091 1033 1311 1100 sobria
1354 1034 1592 1117 pocula
1616 1032 1867 1116 tradit,

194 1123 711 1211 Exemplumque
758 1124 842 1190 ad
890 1123 1043 1189 erile
1088 1120 1357 1206 monet,
1383 1123 1565 1188 uelut
1609 1121 1828 1206 Apula
1874 1121 2152 1187 coniunx

193 1214 541 1298 Agricolae
586 1214 767 1299 parci
810 1212 917 1279 uel
964 1213 1098 1278 sole
1141 1210 1388 1277 infecta
1433 1209 1699 1296 Sabina,

196 1302 373 1378 Quae
418 1304 598 1369 uidet
644 1303 897 1368 emeriti
940 1302 1073 1366 iam
1117 1300 1687 1386 prospectantibus
1734 1300 1928 1365 astris

193 1389 477 1476 Tempus
525 1392 748 1458 adesse
792 1391 937 1474 uiri,
982 1410 1254 1475 propere
1300 1411 1683 1475 mensasque
1728 1392 2033 1475 torosque
2232 1404 2341 1455 125

191 1479 469 1545 Instruit
514 1483 936 1566 expectatque
984 1500 1217 1545 sonum
1262 1479 1591 1545 redeuntis
1637 1479 1856 1544 aratri.

192 1567 407 1635 Parua
448 1571 697 1656 loquor.
768 1574 986 1636 tecum
1031 1568 1279 1654 gelidas
1327 1589 1542 1635 comes
1587 1569 1682 1633 ire
1727 1589 1846 1652 per
1889 1571 2104 1633 arctos

195 1656 712 1744 Sarmaticasque
754 1659 1001 1724 hiemes
1046 1656 1472 1742 Histrumque
1518 1661 1585 1722 et
1628 1656 1874 1742 pallida
1916 1656 2131 1721 Rheni

190 1745 481 1833 Frigora,
525 1751 741 1814 tecum
787 1769 1011 1814 omnes
1059 1747 1281 1812 animo
1329 1746 1564 1812 durata
1607 1768 1724 1831 per
1769 1749 1987 1812 aestus

189 1834 298 1921 Et,
345 1837 401 1902 si
447 1841 662 1903 castra
707 1833 953 1920 darent,
994 1836 1200 1902 uellet
1244 1838 1501 1921 gestare
1547 1835 1907 1921 pharetras,
2232 1850 2340 1904 130

131 1999 136 2003 ⁴
192 1923 412 1991 Uellet
456 1927 817 1992 Amazonia
861 1926 1035 1992 latus
1081 1925 1509 1990 intercludere
1556 1924 1771 2008 pelta3

189 2012 364 2079 Dum
409 2019 476 2080 te
520 2016 900 2100 puluereum
943 2015 1267 2079 bellorum
1310 2014 1485 2078 nube
1532 2013 1784 2078 uideret

189 2101 490 2168 Caesarei
533 2124 737 2189 prope
781 2104 1035 2169 fulmen
1080 2102 1228 2187 equi
1275 2101 1627 2189 diuinaque
1672 2102 1810 2167 tela

190 2191 574 2258 Uibrantem
622 2195 689 2258 et
732 2212 1010 2278 magnae
1056 2213 1354 2276 sparsum
1404 2191 1748 2257 sudoribus
1793 2190 2040 2256 hastae.

188 2279 523 2347 Hactenus
562 2282 736 2347 alma
770 2280 1014 2366 chelys.
1067 2284 1325 2365 tempus
1360 2302 1533 2346 nunc
1577 2300 1815 2365 ponere
1852 2279 2136 2365 frondes,
2232 2296 2337 2346 135

190 2369 468 2454 Phoebe,
512 2375 662 2436 tuas
708 2374 1083 2457 maestaque
1129 2391 1383 2436 comam
1429 2368 1737 2435 damnare
1784 2390 2108 2454 cupresso.

191 2457 504 2534 Quisnam
549 2461 857 2544 inpacata
900 2458 1462 2545 consanguinitate
1506 2458 1739 2544 ligauit

187 2546 545 2613 Fortunam
590 2548 1037 2636 Inuidiamque
1081 2548 1286 2614 deus?
1331 2547 1475 2632 quis
1521 2547 1713 2612 iussit
1755 2546 2011 2633 iniquas

188 2636 547 2703 Aeternum
590 2638 838 2704 bellare
885 2638 1083 2704 deas?
1153 2637 1486 2702 nullamne
1530 2635 1790 2702 notabit

186 2725 311 2790 Illa
357 2725 640 2813 domum,
684 2730 874 2794 toruo
922 2749 1116 2814 quam
1160 2748 1299 2791 non
1341 2724 1503 2791 haec
1548 2725 1793 2790 lumine
1838 2726 2001 2810 figat
2229 2744 2336 2795 140

189 2815 493 2881 Protinus
541 2821 607 2882 et
654 2838 848 2883 saeua
890 2815 1231 2901 proturbet
1279 2815 1517 2901 gaudia
1561 2813 1833 2879 dextra?

337 3123 440 3173 113
478 3119 710 3174 ausonio
748 3123 784 3170 c
821 3137 855 3171 a
880 3121 900 3188 ΙΙ
929 3125 1033 3174 114
1072 3119 1249 3186 Quem
1289 3124 1325 3171 c
1362 3139 1412 3188 a,
1449 3135 1588 3175 corr.
1624 3117 1900 3172 Bao-thius
1924 3117 1945 3185 ΙΙ
1975 3120 2077 3170 115
2114 3116 2209 3172 cui
2243 3120 2334 3178 ius

186 3188 379 3246 Deva..-
415 3188 572 3246 cuius
602 3195 638 3242 c
666 3208 700 3243 a
725 3191 745 3259 ΙΙ
773 3196 874 3246 117
895 3194 1116 3247 mutata
1143 3195 1205 3245 ῦς
1233 3193 1498 3247 cunctata
1526 3195 1561 3245 ς
1591 3201 1625 3243 a
1655 3192 1664 3258 Ι
1694 3189 1885 3244 malim
1910 3186 2277 3259 grauitasque

188 3266 292 3316 122
329 3262 524 3317 monet
558 3266 632 3315 A:
666 3271 861 3318 mouet
895 3267 932 3314 ο
967 3265 988 3334 ΙΙ
1031 3268 1132 3318 123
1169 3262 1329 3333 parci
1362 3267 1434 3316 A:
1469 3260 1622 3334 parti
1648 3265 1684 3312 c
1717 3262 1726 3328 Ι
1759 3257 1969 3315 Sabino
2004 3258 2279 3318 Heinsius

188 3338 293 3387 124
328 3332 761 3402 procedentibus
797 3332 1162 3390 Burmannus
1196 3335 1216 3403 ΙΙ
1246 3340 1347 3389 127
1384 3334 1467 3388 ire
1503 3332 1869 3389 Schraderus:
1902 3328 2009 3384 illa
2043 3335 2079 3382 Ο
2114 3350 2150 3386 a
2176 3335 2197 3403 ΙΙ
2226 3339 2333 3392 129

188 3404 388 3459 durare
409 3403 621 3458 Markl.
648 3405 669 3472 11
697 3408 799 3458 132
835 3405 1106 3475 puluerea
1141 3410 1176 3456 c
1205 3424 1256 3472 a,
1294 3406 1508 3460 correxi
1538 3406 1547 3474 Ι
1578 3404 1856 3460 bellorum
1889 3399 1952 3456 in
1977 3404 2126 3460 nube
2154 3406 2275 3463 edd.
2312 3407 2336 3480 ΙΙ

189 3481 292 3530 139
316 3473 541 3530 notauit
567 3479 602 3525 c
632 3492 681 3543 a,
714 3491 852 3531 corr.
878 3476 1153 3533 Barthius
1177 3479 1198 3547 ss
1226 3482 1328 3532 141
1361 3475 1657 3548 proturbet
1691 3478 1738 3528 Δ
1761 3479 1827 3528 c:
1864 3475 2157 3547 perturbet
2185 3481 2223 3531 ς
