2517 3909
808 145 1214 196 THEBAIDOS
1255 146 1399 195 Lm.
1444 146 1514 194 X.

185 303 491 384 Explicat3
545 311 605 362 et
645 303 876 382 penitus
919 318 1279 383 quacumque
1322 302 1669 402 supervolat
1704 299 1932 378 orbem,

183 387 480 466 Languida
521 386 596 448 de
637 386 901 466 seopulis
944 388 1135 448 sidunt
1175 388 1359 464 fieta,
1406 388 1629 467 pigrius
1671 386 1914 449 haerent

183 472 431 548 Nubila,
477 471 779 532 demittunt
822 480 1082 532 extrema
1123 473 1421 533 cacumina
1463 472 1672 548 silvae,

184 556 474 636 Pluraque
517 555 716 616 laxato
766 556 1103 616 oeciderunt
1143 557 1337 617 sidera
1378 556 1576 618 eoelo.

313 639 537 701 Primus
563 640 798 703 adesse
836 639 1007 701 deum
1045 639 1232 701 subita
1277 640 1531 719 ealigine
1571 642 1759 703 sensit

188 724 474 804 Campus,
519 734 580 785 et
616 725 950 786 innumerae
985 741 1172 786 voees
1213 725 1599 804 fremitusque
1630 727 1889 785 ¹virorum

186 809 525 871 Submisere
565 826 797 879 sonum:
843 828 1016 889 quum
1055 827 1200 870 vero
1244 810 1609 871 humentibus
1652 809 1763 870 alis

184 893 482 971 Incubuit,
528 895 818 974 piceaque
858 895 1011 956 haud
1053 913 1319 974 umquam
1358 895 1595 955 densior
1635 893 1837 954 umbra

187 976 395 1039 Castra
436 978 626 1055 subit,
672 997 874 1039 errare
911 979 1068 1040 oculi
1109 979 1492 1058 resolutaque
1538 977 1716 1055 oolla,

184 1063 264 1125 Et
303 1062 493 1124 medio
533 1062 706 1123 affatu
749 1063 932 1124 verba
970 1063 1298 1144 inperfecta
1339 1064 1610 1143 relinqui.

183 1147 327 1209 Mox
369 1157 427 1208 et
472 1147 769 1225 fulgentes
807 1148 1037 1227 clipeos
1079 1157 1141 1208 et
1183 1165 1362 1210 saeva
1401 1149 1697 1209 remittunt

185 1233 308 1295 Pila
349 1250 552 1308 manu,
610 1231 870 1310 lassique
914 1233 1123 1293 eadunt
1162 1234 1221 1293 iu
1266 1241 1513 1313 pectora
1555 1232 1770 1293 vultus.

184 1316 264 1378 Et
304 1318 418 1378 iam
458 1325 666 1377 cuneta
707 1317 911 1376 silent:
955 1318 1069 1396 ipsi
1113 1318 1225 1378 iam
1271 1324 1428 1377 stare
1468 1326 1746 1377 recusant

188 1399 588 1480 Cornipedes,
632 1403 799 1481 ipsos
838 1400 1059 1461 subitus
1104 1403 1248 1462 einis
1292 1401 1529 1463 abstulit
1559 1402 1750 1480 ignes.
1820 1428 1825 1435 ·

313 1485 395 1546 At
436 1503 554 1546 non
596 1495 658 1546 et
699 1485 944 1565 trepidis
988 1485 1194 1546 eadem
1234 1503 1420 1565 sopor
1465 1487 1582 1547 otia
1626 1484 1815 1548 Graiis

185 1570 437 1646 Suadet,
484 1579 545 1630 et
585 1588 619 1630 a
663 1571 870 1630 iuuetis
912 1579 1079 1630 areet
1119 1589 1224 1630 sua
1272 1570 1469 1632 nubila
1511 1571 1721 1631 eastris

181 1655 495 1732 Nootivagi
535 1655 626 1715 vis
665 1653 876 1715 blanda
918 1655 1047 1731 dei,
1093 1656 1534 1733 stant‘undique
1576 1650 1636 1714 in
1681 1654 1853 1714 armis

182 1738 440 1800 Foedam
482 1738 846 1818 indignantes
886 1747 1118 1799 neeten
1155 1739 1490 1818 vigilesque
1533 1737 1844 1818 superbos.

182 1823 346 1884 Eece
388 1841 606 1904 repens
648 1825 878 1902 superis
919 1824 1164 1885 animum
1208 1822 1636 1903 lymphantibus
1672 1823 1884 1882 horror

184 1907 600 1969 Thiodamanta
645 1909 833 1984 subit,
885 1908 1371 1987 formidandoque
1412 1908 1656 1968 tumultu
1784 1964 1787 1967 ,

184 1992 450 2055 Pandere
494 1993 612 2054 fata
656 1992 851 2069 iubet,
896 1994 1038 2053 sive.
1065 1994 1216 2054 hane
1251 1995 1519 2054 Saturnia
1558 1999 1831 2066 mentem,

185 2078 325 2140 Sive
368 2095 579 2139 novum
621 2079 891 2139 comitem
931 2077 1119 2138 bouus
1161 2077 1474 2156 instigabat
1512 2075 1755 2155 Apollo.

183 2162 420 2224 Prosilit
463 2163 522 2222 in
561 2163 823 2239 medios,
867 2163 997 2223 visu
1040 2163 1351 2242 audituque
1394 2160 1729 2223 tremendus

183 2247 597 2328 Inpatiensque
639 2248 767 2325 dei,
809 2248 1004 2326 fragili
1048 2266 1219 2326 quem
1258 2257 1452 2308 mente
1493 2253 1798 2323 receptum

184 2332 318 2394 Nou
362 2335 548 2414 eapit3
599 2332 888 2394 exundant
923 2333 1174 2410 stimuli,
1220 2333 1523 2431 nudusque
1566 2348 1677 2409 per
1716 2346 1822 2389 ora

186 2417 315 2480 Stat
357 2419 520 2480 furor
563 2427 621 2478 et
658 2417 914 2497 trefflus
954 2419 1181 2478 ineerta
1229 2418 1511 2494 sauguine
1551 2413 1743 2474 reddit

185 2501 584 2582 Exhauritque
626 2520 842 2580 genas,
886 2504 1050 2563 aoies
1097 2500 1211 2562 huo
1247 2510 1405 2562 errat
1447 2510 1506 2560 et
1547 2499 1690 2559 illue

187 2589 475 2666 Sertaque
516 2589 691 2647 mixta
735 2587 916 2646 comis
958 2602 1165 2664 sparsa
1205 2588 1445 2646 eerviee
1487 2582 1768 2660 flagellat.

186 2672 288 2732 Sie
327 2670 559 2748 Phryga
597 2670 868 2730 terrffieis
908 2671 1180 2748 genetrix
1220 2670 1397 2732 Idaea
1438 2676 1736 2729 cruentum
1786 2720 1791 2741 ,

185 2754 365 2816 Elicit
408 2773 485 2814 ex
529 2754 716 2830 adytis
759 2761 1216 2834 consumptaque
1255 2754 1496 2816 brachia
1529 2753 1691 2813 ferro

186 2840 356 2901 Scire
397 2847 587 2907 vetum
649 2840 828 2917 quatit
868 2838 971 2899 ille
1014 2857 1215 2900 saetas
1257 2841 1319 2900 in
1358 2848 1622 2919 pectora.
1643 2839 1812 2917 pinus

184 2924 669 3002 sanguineosque
713 2931 867 2983 rotat
910 2924 1103 2985 erines
1147 2933 1209 2986 et
1251 2924 1497 2984 vulnera
1539 2940 1714 2984 eursu

181 3007 520 3070 Exanimat:
567 3016 744 3088 pavet
785 3009 969 3068 omnis
1011 3027 1157 3087 ager
1196 3025 1595 3089 respersaque
1639 3007 1838 3070 cultris

183 3092 416 3170 Arbor,
462 3101 523 3153 et
561 3092 787 3154 attoniti
828 3111 1056 3154 currum
1099 3112 1352 3155 erexere
1391 3093 1619 3153 leones.

293 3176 560 3254 ,Ventum
599 3178 672 3240 ad
715 3178 951 3239 concilii
992 3180 1300 3257 penetrale
1341 3179 1690 3257 domumque
1729 3175 2043 3238 verendam

180 3264 527 3341 signorum,
570 3265 793 3342 magnis
833 3263 935 3323 ubi
978 3263 1188 3324 dudum
1229 3263 1494 3326 cladibus
1532 3280 1737 3339 aeger,

180 3346 402 3408 Rerum
443 3356 703 3408 extrema
744 3365 1021 3424 movens,
1066 3347 1278 3409 frustra
1321 3347 1612 3410 consultat
1644 3345 1949 3406 Adrastus.

183 3434 350 3495 Stant
392 3432 610 3493 eir-oum
649 3433 821 3495 subiti
861 3449 1181 3514 proceres,
1231 3441 1295 3495 ut
1334 3435 1579 3519 quisque
1623 3438 1929 3572 perpgipto

2066 133 2183 195 211

2072 540 2186 620 ‘145

2087 988 2189 1040 150
2230 1060 2234 1064 Α

2006 1448 2013 1459 ,
2084 1410 2189 1464 155

2084 1829 2187 1884 160

2082 2250 2183 2306 165

2082 2674 2187 2730 170
2210 2642 2219 2651 ’

2079 3097 2179 3153 175
