2517 3909
826 119 1227 172 memos
1272 121 1412 170 mn.
1457 121 1552 171 v1.
2097 107 2216 171 129

218 278 358 341 Non
398 277 567 340 aliter
608 274 840 339 celeres
882 275 1151 355 Hyrcana
1197 296 1307 357 per
1347 278 1476 340 avia
1518 278 1703 355 cervi,

222 364 414 439 Quum
453 361 661 443 procul
700 363 911 443 inpasti
957 362 1244 423 fremitum
1287 375 1578 443 accepere
1619 363 1831 439 leonis,

221 450 363 509 Sive
408 455 639 527 putant,
686 449 838 528 rapit
879 448 1155 508 attonitos
1197 447 1338 526 fuga
1383 465 1563 508 caeca
1602 455 1911 527 metusque
2114 454 2220 510 600

221 530 594 611 Congregat,
641 541 700 593 et
734 531 971 612 longum
1012 532 1145 593 daut
1189 548 1408 594 cornua
1448 533 1625 593 mixta
1666 531 2005 611 fragorem„

351 616 568 696 Effugit
608 614 705 678 hic
748 616 954 678 oculos
989 616 1191 697 rapida
1229 634 1380 696 puer
1423 617 1590 677 ocior
1631 633 1770 676 aura
1860 611 1867 620 ’

216 700 572 777 Maenalius,
618 719 789 781 quem
834 699 1042 762 deinde
1086 698 1270 779 gradu
1311 701 1522 781 premit
1561 698 1829 761 horridus
1874 697 2007 760 ldas

215 786 586 865 Inspiratque
626 784 906 861 humero,
947 784 1207 865 flatuque
1249 795 1309 847 et
1346 785 1606 866 pectoris
1648 783 1849 844 umbra

220 869 417 950 Terga
460 871 686 949 premit.
770 869 910 931 Post
951 869 1219 948 ambiguo
1267 869 1596 931 discrimine
1638 868 1880 930 tendunt
2116 876 2218 932 605

217 953 567 1016 Phaedimus
612 962 784 1035 atque
829 953 1081 1031 Dymas,
1127 954 1243 1015 illis
1291 953 1456 1015 celer
1497 954 1730 1014 inminet
1770 952 1984 1014 Alcon.

348 1037 562 1099 Flavus
602 1038 675 1100 ab
711 1041 941 1100 intonso
985 1038 1285 1117 pendebat
1326 1038 1552 1100 vertice
1596 1037 1772 1099 crinis

219 1123 525 1193 Arcados3
564 1122 681 1184 hoc
722 1124 919 1204 primis
967 1122 1196 1184 Triviae
1241 1122 1525 1203 pascebat
1568 1121 1641 1184 ab
1688 1123 1850 1183 aunis

219 1208 450 1285 MunuS,
491 1217 548 1269 et
589 1205 821 1288 Ogygio
862 1209 1054 1269 victor
1095 1227 1223 1268 cum
1261 1207 1447 1269 Marte
1485 1207 1762 1284 redisset,

219 1292 624 1374 Nequicquam
661 1293 863 1373 patriis
908 1293 1096 1355 audax
1141 1293 1491 1373 promiserat
1531 1292 1669 1352 aris.
2119 1300 2224 1358 610

223 1377 388 1439 Tunc
431 1376 583 1438 liber
624 1395 781 1437 nexu
823 1376 1058 1458 lateque
1102 1377 1160 1437 iu
1202 1387 1374 1455 terga
1417 1374 1641 1437 solutus

222 1461 489 1522 Occursu
532 1460 788 1541 Zephyri
833 1470 991 1523 retro
1028 1460 1208 1540 fugit,
1254 1471 1316 1523 et
1365 1461 1534 1521 simul
1574 1460 1765 1541 ipsum

219 1545 453 1625 lnpedit
493 1546 822 1625 infestoque
858 1544 1065 1607 volans
1112 1545 1441 1607 obtenditur
1484 1543 1645 1606 ldae.

220 1630 364 1692 Inde
409 1630 604 1691 dolum
647 1630 871 1691 iuvenis
912 1629 1218 1710 fraudique
1262 1629 1640 1691 accommoda
1683 1630 1866 1690 sensit

221 1714 547 1793 Tempora3
588 1715 699 1775 iam
737 1715 909 1776 finem
952 1715 1146 1791 iuxta,
1192 1713 1326 1776 dum
1365 1713 1557 1774 limina
1598 1714 1790 1774 victor
2118 1722 2221 1778 615

222 1798 696 1880 Parthenopaeus
736 1801 867 1876 init,
915 1808 1192 1879 correpto
1239 1800 1400 1859 crine
1445 1797 1746 1859 reductum

225 1882 523 1964 Occupat,
571 1893 629 1945 et
666 1884 880 1964 longae
925 1884 1139 1963 primus
1176 1884 1315 1945 ferit
1360 1883 1508 1943 ostia
1551 1891 1780 1962 portae.
1893 1921 1902 1931 .
1962 1895 1967 1902 ·

344 1967 609 2030 Arcades
651 1986 806 2030 arma
841 1969 1123 2045 fremunt,
1170 1968 1343 2030 armis
1387 1966 1708 2028 defendere
1751 1979 1977 2046 regem,

222 2052 298 2113 Ni
337 2062 562 2133 raptum
606 2053 787 2115 decus
832 2062 891 2114 et
932 2053 1122 2113 meriti
1165 2052 1478 2113 reddantur
1526 2051 1808 2127 honores,

224 2134 627 2214 Contenduut,
670 2147 913 2219 totoque
958 2146 1162 2218 parant
1204 2136 1502 2199 decedere
1542 2137 1723 2196 circo.
2120 2140 2226 2198 620

222 2226 369 2284 Sunt
414 2231 473 2283 et
512 2223 640 2302 quis
683 2221 820 2285 Idae
867 2223 1101 2303 placeat
1145 2221 1345 2290 dolus;
1395 2222 1525 2300 ipse
1569 2228 1810 2300 regesta

220 2305 704 2388 Parthenopaeus
745 2307 918 2369 humo
964 2307 1302 2386 vultumque
1345 2305 1671 2385 oculosque
1710 2302 2012 2365 madentes

224 2391 466 2469 Obruit,
511 2394 763 2454 accessit
801 2393 1163 2455 lacrimarum
1202 2392 1390 2469 gratia
1432 2389 1675 2450 formae.

222 2476 475 2539 Pectora
514 2494 667 2539 nunc
702 2494 1020 2555 moerens„
1053 2494 1204 2537 nunc
1241 2491 1345 2535 ora
1375 2475 1609 2551 indigna
1648 2481 1889 2534 cruento

222 2561 434 2639 Ungue
476 2570 640 2622 secat
680 2563 1060 2642 meritamque
1105 2578 1351 2636 comam,
1395 2555 1532 2619 furit
1568 2558 1820 2637 undique
1865 2558 2083 2619 clamor
2119 2565 2224 2623 625

221 2645 548 2724 Dissonus,
594 2646 1039 2727 ambiguumque
1087 2646 1243 2705 senis
1283 2651 1581 2705 cunctatur
1618 2641 1853 2704 Adrasti

229 2729 569 2791 Consilium.
660 2729 917 2792 Tandem
956 2731 1085 2810 ipse
1126 2730 1341 2791 refert:
1378 2725 1793 2805 ‘compescite
1830 2728 2012 2804 litem,

224 2813 276 2874 O
323 2814 520 2894 pueri!
568 2815 750 2876 virtus
787 2815 993 2876 iterum
1039 2813 1400 2895 temptanda;
1446 2810 1553 2873 sed
1590 2814 1671 2874 ite

220 2898 427 2960 Limite
470 2917 587 2960 non
631 2916 783 2978 uno,
828 2898 979 2961 latus
1018 2899 1136 2961 hoc
1186 2898 1530 2959 conceditur
1562 2895 1723 2974 Idae,

224 2982 315 3044 Tu
356 2982 590 3046 diversa
631 2993 802 3062 tene,
840 2984 998 3045 fraus
1040 2982 1305 3044 cursibus
1345 2983 1530 3043 omnis
1567 2981 1821 3043 abesto?
2120 2987 2227 3045 630

293 3079 302 3086 “
353 3066 705 3147 Audierant,
754 3069 1028 3148 dictoque
1069 3076 1322 3128 manent.
1399 3065 1539 3127 Mox
1577 3067 1806 3128 numina
1846 3065 2099 3145 supplex

221 3151 421 3214 Affatu
464 3154 643 3214 tacito
686 3153 909 3215 iuvenis
954 3150 1265 3232 Tegeaeus
1308 3150 1546 3212 adorat:

225 3235 418 3298 ‘Diva
454 3247 664 3317 potens
699 3255 1016 3316 nemorum,
1055 3269 1141 3287 —-
1178 3235 1285 3298 tibi
1328 3235 1477 3296 enim
1519 3234 1615 3296 hic
1659 3234 1761 3296 tibi
1806 3235 1985 3296 crinis
2019 3234 2225 3295 honori

220 3320 509 3399 Debitus,
555 3339 707 3402 eque
751 3331 849 3384 tuo
891 3324 1051 3385 venit
1093 3320 1243 3383 haec
1284 3320 1488 3381 iniuria
1531 3329 1706 3396 voto,
1752 3352 1836 3364 -—

223 3406 289 3468 Si
325 3404 480 3467 bene
526 3406 662 3487 quid
700 3407 1003 3490 genetrix,
1043 3406 1094 3471 si
1136 3404 1275 3490 quid
1311 3404 1615 3469 venatibus
1658 3405 1787 3486 ipse
1986 3457 1995 3468 .
2120 3411 2223 3467 636

313 3510 586 3557 snmus
629 3511 704 3557 11.
1856 3487 1894 3548 9
