2517 3909
367 132 488 204 132
1016 159 1081 208 r.
1134 160 1407 209 mmm
1441 159 1677 210 sum

362 312 611 390 Discus,
654 329 769 375 nec
807 313 980 377 dubia
1017 307 1287 381 iunctave
1324 311 1669 380 lenes'thea
1708 317 1920 380 victu-

363 397 690 459 'transabiit
727 409 911 470 meta;
955 400 1136 480 longe
1176 421 1357 483 super
1395 404 1621 465 aemula
1661 404 1825 481 signa

364 484 647 546 Consedit
681 484 1015 565 viridesque
1055 486 1329 549 humeros
1368 497 1431 548 et
1464 505 1655 567 opaea
1692 488 1903 548 theatri

363 568 658 647 eulmina,
696 588 805 631 ceu
848 570 1002 633 latae
1038 573 1367 634 tremefecit
1403 573 1559 634 mole
1602 572 1822 634 ruinae.
2244 581 2343 637 715

362 653 550 729 Quale
589 655 924 735 vaporifera
962 674 1164 716 saxum
1203 656 1595 738 Polyphemus
1634 656 1711 717 ab
1744 656 1929 717 Aetna

357 739 532 801 Lucis
574 748 788 818 egente
820 757 989 801 mann
1004 785 1024 818 ‚
1069 750 1261 802 tamen
1298 744 1358 802 in
1397 743 1649 820 vestigia
1694 743 1905 821 puppis

360 824 608 886 Auditae
648 827 924 905 iuxtaque
966 826 1252 887 inimicum
1287 829 1488 905 exegit
1527 827 1758 888 Ulixen.

363 910 489 989 [Sic
525 918 584 971 et
623 909 910 987 Aloidae,
956 927 1129 991 quum
1170 912 1286 972 iam
1324 912 1549 973 celaret
1588 910 1889 989 Olympum

359 992 633 1075 Desuper
674 993 824 1056 Ossa
860 998 1096 1074 rigens,
1139 997 1328 1074 ipsum
1366 995 1619 1074 glaciale
1647 994 1911 1056 ferebant
2246 1002 2346 1058 'no

359 1077 566 1140 Pelion
606 1088 668 1141 et
707 1080 939 1160 trepido
981 1079 1297 1160 sperabant
1334 1081 1580 1159 iungere
1623 1080 1842 1157 coelo.l

487 1163 650 1226 Tunc
689 1166 921 1244 genitus
960 1164 1145 1226 'l'alao
1183 1167 1397 1225 victori
1436 1166 1611 1243 tigrin
1651 1167 1872 1225 inanem

358 1250 456 1312 lre
503 1248 663 1311 iubet
680 1294 699 1328 ,
743 1249 906 1310 fulvo
950 1267 1102 1327 quae
1144 1248 1492 1310 circumfusa
1530 1248 1751 1310 nitebat

356 1334 620 1414 Margine
655 1342 715 1394 et
755 1342 1050 1394 extremos
1093 1351 1236 1394 auro
1270 1343 1677 1394 mansueverat
1712 1348 1953 1410 ungues.

359 1418 714 1480 Guossiacos
755 1436 927 1479 arcus
967 1417 1146 1478 habet
1187 1428 1247 1479 et
1280 1436 1433 1497 vaga
1473 1417 1595 1479 tela
1637 1416 2028 1477 Menestheus.
2246 1421 2344 1476 725

360 1507 382 1538 ‘
394 1503 476 1564 At
513 1502 650 1579 tihi,
693 1502 804 1579 ait,
846 1501 1140 1586 Phlegra,
1184 1521 1325 1564 casu
1365 1504 1639 1563 frustrate
1682 1504 1932 1576 sinistro,

357 1587 523 1648 Hunc
567 1586 854 1667 quondam
883 1587 1070 1647 nostri
1104 1587 1285 1648 decus
1328 1588 1715 1665 auxiliumque
1754 1584 2009 1662 Pelasgi,

356 1670 544 1733 Ferre
578 1672 808 1749 damus,
846 1689 1040 1751 neque
1083 1673 1234 1732 enim
1275 1671 1682 1751 Hippomedon
1716 1669 2015 1746 inviderit,
2064 1683 2290 1730 cusan.

356 1755 528 1818 Nunc
567 1773 715 1837 opus
756 1764 849 1817 est
888 1757 1090 1817 animis
1121 1757 1368 1817 miestos
1409 1756 1627 1817 tollere
1668 1763 1897 1817 caestus

363 1839 665 1903 Cominus:
709 1841 857 1902 haec
899 1840 1075 1902 hellis
1115 1850 1177 1901 et
1214 1842 1377 1902 ferro
1421 1841 1685 1920 proxima
1725 1840 1951 1898 virtus?
2248 1847 2346 1905 730

485 1924 754 1988 Constitit
792 1926 1031 1986 inmanis
1075 1926 1234 1986 cerni
1276 1926 1632 2005 inmanisque
1672 1924 1821 1985 tueri

356 2011 672 2091 Argolicus
713 2008 1055 2089 Capaneus,
1101 2028 1171 2070 ae
1207 2010 1339 2070 dum
1376 2012 1659 2088 nigrantia
1692 2006 1924 2089 plumbo
1968 2017 1975 2021 “

358 2094 638 2174 Tegmina
676 2094 854 2156 cruda
894 2093 1074 2155 houm¹
1106 2112 1222 2155 non
1264 2094 1496 2156 mollior
1536 2096 1667 2174 ipse
1711 2092 1945 2154 lacertis

354 2180 641 2242 Induitur:
683 2178 869 2240 ‘Date
909 2187 997 2241 tot
1039 2180 1308 2240 iuvenum
1347 2180 1422 2240 de
1463 2179 1715 2240 millibus
1756 2194 1922 2237 unum

355 2263 514 2343 Huc,
560 2265 670 2342 ait,
715 2272 890 2344 atque
931 2265 1142 2324 utinam
1185 2265 1379 2344 potius
1421 2263 1494 2325 de
1539 2265 1723 2344 stirpe
1762 2262 1985 2321 veniret
2248 2269 2349 2325 735

357 2348 637 2410 Aemulus
675 2348 896 2425 Aonia,
941 2365 1111 2429 quem
1148 2348 1237 2410 fas
1276 2348 1577 2408 demittere
1620 2348 1763 2423 leto,

356 2430 485 2493 Nec
522 2451 652 2494 mea
697 2433 954 2496 crudelis
991 2434 1146 2494 civili
1191 2433 1471 2511 sanguiue
1514 2434 1746 2510 virtus!

360 2513 730 2597 Obstupuere
772 2519 973 2595 animi,
1017 2517 1276 2598 fecitque
1316 2513 1546 2577 silentia
1588 2526 1799 2577 terror.

475 2600 730 2663 Tandem
768 2603 1094 2684 insperatus
1132 2602 1282 2663 nuda
1325 2601 1401 2662 de
1444 2601 1625 2680 plebe
1663 2601 1945 2662 Laconum

353 2684 592 2747 Prosilit
629 2686 992 2763 Alcidamas,
1025 2688 1301 2747 mirantur
1341 2686 1558 2747 Dorica
1598 2701 1801 2764 regum
2246 2694 2351 2750 740

355 2769 635 2847 Agmina3
681 2771 789 2832 sed
830 2772 976 2832 socii
1017 2770 1228 2831 fretum
1260 2771 1503 2832 Polluce
1543 2772 1821 2851 magistro

354 2851 578 2917 Norant
622 2865 681 2917 et
716 2855 913 2917 sacras
949 2856 1100 2914 inter
1142 2856 1402 2917 crevisse
1450 2855 1795 2935 palaestram

354 2935 494 3016 Ipse
536 2939 679 3002 deus
721 2940 1032 3020 posuitque
1070 2955 1271 3000 manus
1312 2949 1370 3001 et
1409 2938 1646 3001 brachia
1688 2939 1849 3000 finxit

355 3019 654 3086 Materiam
696 3058 781 3070 —-
821 3021 1100 3084 suadebat
1139 3041 1301 3085 amor
1334 3046 1446 3086 -ε
1487 3033 1626 3085 tunc
1667 3039 1849 3103 saepe
1892 3021 2110 3083 locavit

362 3102 664 3186 Cominus,
709 3116 768 3168 et
808 3107 978 3168 simili
1015 3116 1260 3169 stantem
1301 3110 1539 3170 miratus
1581 3110 1639 3169 in
1674 3110 1758 3169 ira
2242 3116 2344 3173 ⁷45

360 3189 600 3253 Sustulit
637 3190 901 3254 exultans
942 3192 1268 3271 nudumque
1310 3192 1381 3254 ad
1420 3202 1663 3274 pectora
1702 3192 1935 3273 pressit.
1983 3217 1989 3224 ·

483 3273 650 3337 lllum
688 3273 1012 3354 indignatur
1053 3272 1363 3356 Capaneus
1398 3277 1664 3357 ridetque
1705 3284 2009 3338 vocantem

359 3352 437 3416 Ut
477 3359 791 3436 miserans,
835 3361 1141 3441 poscitque
1180 3361 1381 3439 alium,
1421 3363 1766 3443 tandemque
1810 3370 2049 3422 coaetus

360 3435 628 3523 Restitit,
677 3451 736 3504 et
778 3443 1020 3507 stimulis
1059 3445 1170 3506 iam
1211 3443 1479 3527 languida
1524 3447 1679 3513 colla
1722 3453 2061 3509 tumescunt.
