2517 3909
199 127 330 192 114
932 127 995 183 P.
1035 125 1316 181 PAPmn
1352 87 1594 182 'srA‘m

203 272 428 340 Sermo
472 272 839 357 hilaresque
884 271 1015 337 ioci
1062 270 1425 338 brumalem
1471 272 1809 337 absumere
1853 275 2115 339 noctem

200 361 556 428 Suaserunt
598 361 983 446 mollemque
1030 361 1233 426 oeulis
1280 360 1596 445 expellere
1642 382 1963 447 somnum,

195 450 420 517 Donec
467 451 550 516 ab
594 449 837 535 Elysiis
882 449 1218 535 prospexit
1264 449 1522 515 sedibus
1570 449 1737 514 alter
2277 467 2352 519 15

194 539 427 607 Castor
471 548 538 605 et
579 538 921 604 hesternas
967 538 1117 604 risit
1159 538 1474 605 Tithonia
1518 560 1798 604 mensas.

194 629 248 694 Ο
301 630 478 695 bona
521 628 679 695 nox!
725 627 1071 713 iunctaque
1117 627 1371 693 utinam
1418 623 1764 712 Tirynthia
1806 628 1989 694 luna!

192 717 342 784 Nox
387 722 453 783 et
494 716 883 802 Erythraeis
928 716 1220 782 Thetidis
1269 715 1592 802 signanda
1635 716 1877 801 lapillis

192 807 283 873 Et
327 805 748 873 memoranda
792 805 903 870 diu
921 806 1336 908 geniumque
1381 805 1688 871 habitura
1732 808 2117 890 perennem!

191 895 374 968 Mille
419 896 514 961 ibi
557 899 715 960 tunc
762 895 1010 980 species
1057 895 1351 979 aerisque
1399 895 1739 980 eborisque
1785 896 2032 961 uetusti
2271 912 2343 965 2ο

199 984 411 1071 Atque
456 985 789 1050 locuturas
831 983 1109 1050 mentito
1156 1004 1428 1068 corpore
1475 1005 1655 1050 ceras

192 1073 464 1140 Edidici.
531 1073 675 1159 quis
721 1094 1000 1159 namque
1048 1073 1251 1138 oculis
1299 1073 1649 1138 certauerit
1684 1095 1969 1158 usquam

195 1162 510 1249 Uindicis,
558 1160 880 1228 artificum
925 1165 1179 1227 ueteres
1227 1182 1582 1247 agnoscere
1629 1162 1856 1227 ductus

195 1251 286 1317 Et
329 1274 465 1318 non
509 1251 844 1336 inscriptis
891 1254 1221 1317 auctorem
1265 1249 1529 1316 reddere
1578 1251 1786 1337 signis
1801 1249 1836 1314 ⁴?

191 1340 316 1407 Hic
360 1342 486 1406 tibi
533 1362 696 1426 quae
743 1339 933 1407 docto
980 1340 1258 1405 multum
1304 1330 1581 1425 uigilata
1621 1338 1884 1424 Myroni
2270 1358 2340 1408 25

193 1430 384 1514 Aera,
428 1428 762 1495 laboriferi
805 1429 1033 1494 uiuant
1078 1450 1243 1514 quae
1287 1450 1617 1495 marmora
1662 1429 1839 1494 caelo

189 1481 555 1601 Praxitelis,
601 1518 773 1605 quod
820 1518 980 1582 ebur
1024 1516 1257 1583 Pisaeo
1306 1517 1537 1603 pollice
1581 1540 1821 1598 rasum,

191 1607 376 1684 Quod
423 1542 815 1692 Polycleteis
861 1607 1111 1672 iussum
1159 1606 1410 1692 spirare
1456 1607 1746 1690 caminis,

187 1695 390 1762 Linea
436 1718 601 1783 quae
646 1699 931 1762 ueterem
965 1695 1161 1781 longe
1205 1695 1493 1761 fateatur
1536 1695 1834 1780 Apellem
1850 1747 1869 1782 ,

186 1784 619 1852 Monstrabit:
658 1806 940 1872 namque
974 1784 1156 1870 haec,
1198 1785 1501 1870 quotiens
1541 1783 1782 1869 chelyn
1820 1785 1998 1851 exuit
2031 1786 2160 1873 ille,
2264 1803 2337 1856 30

187 1873 453 1941 Desidia
499 1879 618 1961 est,
664 1875 770 1940 hic
814 1873 1050 1940 Aoniis
1097 1895 1283 1939 amor
1328 1876 1561 1939 auocat
1607 1874 1829 1940 antris.

185 1964 378 2031 Haec
413 1965 587 2029 inter
632 1968 848 2030 castae
895 1963 1125 2050 genius
1169 1963 1504 2048 tutelaque
1549 1984 1811 2029 mensae

188 2054 811 2139 Amphitryoniades
857 2052 1061 2118 multo
1107 2073 1255 2117 mea
1300 2052 1475 2137 cepit
1519 2074 1737 2117 amore

187 2141 462 2208 Pectora
503 2164 623 2208 nec
667 2143 865 2228 longo
913 2140 1180 2207 satiauit
1222 2141 1473 2206 lumina
1516 2141 1692 2206 uisu:

187 2231 437 2298 Tantus
484 2231 698 2298 honos
746 2230 927 2315 operi
971 2230 1259 2315 finesque
1306 2230 1558 2295 inclusa
1601 2252 1719 2315 per
1763 2233 1941 2297 artos
2263 2249 2335 2299 35

185 2320 531 2387 Maiestas!
579 2321 753 2406 deuS,
797 2320 908 2385 ille
939 2319 1109 2384 deus
1157 2340 1225 2383 se
1273 2340 1465 2403 saepe
1510 2319 1824 2384 tuendum

184 2409 478 2496 Indulsit,
523 2408 826 2494 Lysippe,
870 2408 1011 2493 tibi,
1056 2430 1423 2493 paruusque
1468 2407 1675 2473 uideri

189 2497 553 2585 Sentirique
599 2499 856 2584 ingens!
905 2500 971 2562 et
1017 2519 1165 2562 cum
1210 2496 1532 2562 mirabilis
1579 2497 1755 2561 intra

192 2586 336 2654 Stet
380 2609 683 2654 mensura
729 2588 977 2672 pedem,
1022 2589 1244 2651 tamen
1289 2587 1649 2651 exclamare
1694 2585 1942 2672 libebit,

186 2675 255 2742 Si
300 2678 479 2743 uisus
525 2697 644 2762 per
688 2677 977 2741 membra
1022 2675 1221 2741 feres:
1271 2674 1418 2741 ‘hoc
1464 2678 1725 2760 pectore
1771 2696 2032 2760 pressus
2255 2694 2329 2745 40

326 2983 392 3032 13
429 2976 722 3031 absumere
760 2980 820 3029 0.
859 2991 1140 3031 assumere
1179 2980 1215 3030 ς
1253 2976 1335 3044 an
1364 2979 1431 3030 18
1461 2974 1803 3045 Erythraeae
1833 2976 2044 3032 Markl.
2071 2978 2093 3047 ΙΙ
2123 2982 2187 3034 19
2224 2977 2331 3034 ha-

180 3048 366 3103 bitura
403 3053 465 3103 3:
504 3047 801 3117 habitumq
802 3063 873 3101 ue
912 3051 947 3098 0
984 3065 1018 3101 ο,
1043 3049 1063 3117 fl
1099 3052 1167 3101 25
1204 3046 1312 3101 Hic
1350 3051 1421 3101 A:
1457 3046 1576 3102 Hcc
1614 3049 1696 3117 cn
1734 3054 1802 3103 26
1840 3047 1986 3103 caeli
2021 3053 2057 3100 0
2095 3067 2144 3117 a,
2182 3064 2326 3105 corr.

180 3120 465 3175 Auantius
491 3121 512 3189 ΙΙ
538 3123 608 3175 28
645 3118 806 3184 Quod
844 3123 880 3173 ς
919 3138 976 3173 a:
1016 3117 1165 3184 Quid
1202 3123 1237 3170 0
1265 3120 1285 3189 ΙΙ
1312 3124 1381 3173 30
1410 3117 1748 3175 monstrauit
1784 3123 1819 3171 0
1857 3137 1907 3187 a,
1944 3134 2083 3175 corr.
2112 3118 2326 3177 Geuar-

180 3191 293 3245 tius
324 3192 332 3260 Ι
362 3190 461 3245 ille
499 3196 536 3242 0
572 3209 632 3244 az
669 3189 758 3244 illi
794 3189 1096 3245 Geuartius
1140 3192 1160 3260 u
1209 3195 1278 3244 35
1318 3191 1470 3245 artos
1506 3190 1656 3246 edd„-
1694 3192 1848 3245 artus
1885 3190 1958 3243 A·
1996 3195 2056 3257 0;
2092 3191 2329 3259 fortasse

186 3265 493 3333 tenuesque
530 3261 572 3319 i.
608 3278 712 3333 per
747 3263 903 3317 artus
930 3262 1044 3331 1136
1080 3261 1316 3329 fortasse
1350 3262 1473 3332 ipse
1506 3262 1515 3329 Ι
1546 3277 1605 3316 se
1634 3277 1802 3332 saepe
1828 3263 2057 3331 scripsi.-
2093 3279 2328 3334 seseque

186 3338 221 3384 0
258 3351 292 3386 a
340 3335 348 3403 Ι
392 3334 667 3390 tuendum
702 3332 1070 3390 Schraderus:
1113 3332 1420 3389 uidendum
1458 3336 1493 3384 0
1532 3350 1566 3385 a
1604 3333 1625 3401 ΙΙ
1670 3339 1738 3387 39
1784 3331 1991 3402 pedum
2029 3339 2065 3386 0
2102 3353 2151 3403 a,
2188 3350 2330 3392 corr.

177 3404 464 3462 Amantius

2495 2989 2497 3076 4
