2517 3909
249 114 373 176 274
549 173 554 177 .
630 130 695 178 P.
730 129 998 178 PAPINII
1038 128 1272 178 s'rA'rn
1317 130 1527 178 THEB.
1573 129 1713 178 Lm.
1746 130 1871 178 ΧΠ.

248 284 450 347 Mollia
491 284 765 363 laudabat
806 288 918 346 iam
953 285 1243 346 marcidus
1282 284 1459 364 Orgia
1499 284 1752 362 Ganges.
1818 278 1845 303 ·’

381 369 544 430 Eooe
587 387 699 448 per
742 371 1022 431 adversas
1062 369 1300 431 Dircaei
1339 367 1854 431 verticis-umbras

249 454 560 515 Femineus
606 456 789 555 quatit
831 464 987 515 astra
1026 454 1261 531 fragor,
1305 464 1640 534 matresque
1686 453 1977 530 Pelasgae

250 538 630 607 Decurrunt;
658 539 867 619 quales
905 538 1212 601 Bacchaea
1256 540 1328 600 ad
1368 538 1529 599 bella
1568 547 1816 598 vocatae

249 622 523 699 Thyades
566 633 860 700 amentes,
903 640 1169 701 magnum
1214 640 1359 703 quas
1404 640 1656 703 poscere
1700 622 1958 715 credas,

250 707 369 767 Aut
419 708 639 768 fecisse
685 708 885 777 nefas;
930 707 1183 791 gaudent
1227 708 1479 770 lamenta
1514 724 1826 784 novaeque

248 790 524 852 Exultant
561 792 868 878 lacrimae:
910 794 1064 871 rapit
1101 788 1251 869 huo,
1300 794 1452 892 rapit
1486 792 1718 871 inpetus
1757 789 1919 866 illue,

249 875 486 937 Thesea
523 866 942 956 magnanimum
983 886 1267 954 quaerant
1309 878 1501 956 prius,
1546 894 1693 935 anne
1735 872 2011 953 Creonta,

248 961 417 1021 Anne
456 979 629 1037 suoS,
675 962 832 1020 vidui
870 961 1083 1023 ducunt
1124 961 1198 1021 ad
1239 978 1493 1040 corpora
1531 959 1739 1029 luctus·

374 1045 507 1106 Non
548 1062 697 1124 ego,
746 1054 992 1116 centena
1029 1045 1079 1105 si
1124 1047 1252 1124 quis
1294 1063 1426 1105 mea
1468 1051 1711 1123 peotora
1755 1043 1917 1103 laxet

246 1130 416 1190 Voce
462 1130 641 1206 deuS,
687 1139 773 1189 tot
817 1129 986 1191 busta
1031 1128 1200 1189 simul
1243 1129 1526 1209 vulgique
1567 1127 1893 1209 ducumque

251 1213 364 1275 'l'ot
404 1215 625 1292 pariter
666 1215 914 1292 gemitus
955 1213 1146 1291 dignis
1191 1213 1508 1274 conatibus
1541 1226 1809 1291 aequem,

249 1298 506 1359 Turbine
546 1315 662 1378 quo
701 1299 1041 1359 sese'caris
1077 1299 1414 1359 instraverit
1446 1297 1637 1358 audax

246 1382 488 1460 Ignibus
527 1381 769 1443 Evadne
809 1381 1145 1462 fulmenque
1190 1383 1248 1442 in
1292 1391 1539 1462 pectore
1560 1397 1788 1459 magno

201 1472 212 1481 ’
252 1466 619 1543 Quaesierit‚
667 1482 784 1545 quo
825 1483 990 1526 more
1030 1468 1231 1527 iacens
1272 1484 1452 1546 super
1495 1465 1701 1529 oscula
1732 1465 1905 1526 saevi

251 1550 537 1630 Corporis
577 1550 783 1611 infelix
821 1559 1067 1611 excuset
1105 1550 1309 1627 Tydea
1344 1551 1577 1626 coniux,

247 1635 326 1696 Ut
364 1648 580 1696 saevos
622 1635 818 1696 narret
855 1635 1069 1713 vigiles
1105 1635 1287 1713 Argia
1326 1636 1551 1695 sorori:
1786 1672 1797 1683 ι

247 1720 483 1780 Arcada
528 1726 645 1800 q'uo
685 1719 919 1798 planctu
962 1721 1236 1798 genetrix
1276 1718 1663 1796 Erymanthia.
1693 1718 1925 1795 elamet,

249 1804 484 1865 Arcada
527 1813 869 1883 consumpto
916 1812 1247 1864 servantem
1285 1805 1565 1882 sanguine
1601 1801 1816 1878 vultus,

249 1888 518 1965 Areada,
567 1906 740 1969 quem
780 1890 1052 1966 geminae
1094 1890 1317 1967 pariter
1358 1887 1584 1949 flevere
1626 1886 1927 1947 cohortes.

251 1975 371 2033 Vix
410 1975 753 2042 novusista
794 1972 959 2032 furor
998 1974 1363 2054 veniensque
1403 1972 1694 2052 inplesset
1729 1970 1977 2050 Apollo,

252 2057 330 2119 Et
371 2075 503 2119 mea
546 2058 658 2118 iani
702 2056 881 2134 longo
926 2059 1148 2119 meruit·
1174 2059 1315 2117 ratis
1357 2074 1617 2135 aequore
1654 2064 1902 2135 portum.

382 2141 711 2202 Durabisne
756 2140 962 2220 procul
1007 2141 1359 2220 dominoque
1401 2140 1609 2218 legere
1652 2149 1980 2219 superstes,

256 2227 307 2286 Ο
346 2226 483 2286 mihi
526 2225 800 2286 bissenos
840 2225 1074 2286 multum
1111 2226 1350 2303 vigilata
1392 2243 1503 2303 per
1543 2241 1727 2286 annos

255 2306 521 2373 Thebai?
563 2311 675 2371 iam
714 2318 875 2370 certe
918 2327 1201 2389 praesens
1236 2309 1343 2370 tibi
1381 2310 1532 2371 fama
1567 2309 1880 2386 benignum

255 2396 475 2457 Stravit
515 2396 659 2471 iter,
709 2396 1025 2473 coepitque
1068 2411 1278 2454 novam
1312 2402 1637 2454 monstrare
1680 2393 1905 2452 futuris.

254 2480 376 2541 Iam
414 2487 474 2539 te
519 2479 915 2557 magnanimus
952 2477 1220 2556 dignatur
1253 2494 1507 2538 noscere
1545 2476 1789 2554 Caesar,

254 2563 399 2624 Itala
442 2564 553 2623 iam
597 2564 787 2624 studio
831 2561 1003 2622 discit
1044 2570 1445 2641 memoratque
1482 2563 1770 2622 iuventus.

256 2647 442 2722 Vive,
488 2664 738 2725 precor3
784 2664 897 2707 neo
935 2655 997 2706 tu
1042 2647 1290 2708 divinam
1327 2646 1598 2707 Aeneida
1638 2653 1919 2724 tempta,

177 2736 180 2741 ⁴
258 2732 378 2793 Sed
423 2732 600 2808 longe
643 2748 899 2810 sequere
938 2739 1000 2791 et
1018 2722 1289 2809 vestigia
1333 2736 1570 2811 semper
1612 2730 1810 2791 ador-a.

256 2815 398 2876 Mox
440 2815 579 2890 tibi,
633 2817 683 2874 si
724 2816 852 2893 quis
892 2814 1081 2875 adhuc
1120 2815 1450 2895 praetendit
1485 2814 1678 2882 nubila
1716 2813 1890 2889 livor,
1940 2859 1955 2884 ,

261 2900 540 2977 Occidet,
586 2908 646 2960 te
689 2896 878 2960 meriti
921 2909 1059 2979 post
1099 2918 1195 2960 me
1238 2899 1570 2961 referentur
1613 2897 1891 2962 honores.

2175 463 2290 518 790

2164 880 2284 940 795

2172 2152 2287 2206 810

2174 2571 2285 2627 815
