2517 3909
286 110 368 173 76
699 162 712 169 .
953 121 1017 171 P.
1060 121 1329 171 Pffmn
1373 121 1606 171 sumn

282 279 557 356 Numina,
603 294 749 358 quas
791 294 1006 356 magno
1038 294 1157 338 non
1203 277 1411 357 inpulit
1453 279 1589 357 ig‘ne
1623 276 1940 359 Napaeas?

284 363 512 443 Ipsam,
556 361 841 424 Maenalia
881 380 1125 441 puerum
1165 380 1340 442 quum
1371 364 1516 425 vidit
1556 366 1616 424 in
1658 363 1881 444 umbra,

284 448 556 524 Dianam,
601 457 807 508 tenero
849 448 1172 526 signantem
1207 449 1464 525 gramina
1504 466 1704 528 passu,

285 532 592 611 Ignovisse
636 531 830 593 ferunt
866 533 1060 592 comiti
1098 532 1462 613 Dictaeaque
1507 533 1626 594 tela
1700 535 1706 540 ’

283 616 476 696 Ipsam
517 625 576 676 et
616 615 967 694 Amyclaeas
1010 616 1261 678 humeris
1303 627 1539 697 aptasse
1580 616 1905 698 pharetras.

405 701 640 763 Prosilit
679 701 883 763 audaci
919 700 1119 762 Martis
1162 719 1479 781 percussus
1520 720 1741 780 amore,

284 786 497 863 Arma,
542 786 711 848 tubas
752 786 952 848 andire
990 786 1223 862 calens,
1269 796 1329 848 et
1373 787 1617 867 pulvere
1661 788 1806 850 belli

282 870 621 932 Flaventem
661 872 909 932 sordere
958 871 1180 931 comam
1223 874 1519 952 captoque
1563 873 1774 934 referri

282 955 481 1016 Hostis
523 949 709 1036 equo:
749 955 948 1017 taedet
989 972 1317 1033 nemorum,
1363 958 1703 1037 titulumque
1740 968 2053 1022 nocentem

284 1041 591 1118 Sanguinis
633 1038 860 1102 humani
900 1040 1089 1120 pudor
1130 1050 1189 1102 et
1230 1043 1465 1102 nescire
1510 1043 1772 1121 sagittas.

402 1124 619 1204 Igneus
661 1133 794 1187 ante
834 1141 1034 1187 omnes
1078 1144 1219 1186 auro
1257 1127 1461 1204 micat,
1500 1129 1707 1205 igneus
1751 1137 1937 1206 ostro,

279 1207 716 1289 Undantemqne
761 1210 945 1270 sinum
985 1209 1152 1270 nodis
1179 1211 1427 1289 'inrugat
1460 1210 1670 1289 Iberis,

278 1292 488 1355 Inbelli
530 1312 729 1374 parma
772 1295 962 1374 pictus
1006 1293 1326 1370 Calydonia
1365 1298 1562 1357 matris

280 1378 541 1449 Proelia;
586 1388 719 1440 trux
762 1378 930 1440 laeva
968 1388 1137 1440 sonat
1180 1399 1352 1441 arcus
1391 1383 1452 1441 et
1490 1399 1705 1460 aspera
1746 1382 1959 1462 plumis

283 1462 511 1541 Terga,
562 1459 878 1539 Cydonaea
921 1473 1162 1540 corytos
1201 1465 1478 1525 arundine
1523 1465 1739 1546 pulsat,

278 1546 519 1609 Electro
564 1547 797 1626 pallens
841 1558 900 1609 et
935 1549 1164 1628 iaspide
1207 1550 1401 1611 clarus
1436 1548 1584 1612 an.

282 1629 672 1712 Cornipedem
714 1633 978 1713 trepidos
1025 1643 1250 1695 suetum
1296 1645 1676 1715 praevertere
1728 1653 1943 1698 cervos

276 1716 545 1777 Velatum
581 1718 852 1795 geminae
897 1717 1127 1779 deiectu
1165 1719 1387 1796 lyncis,
1434 1729 1494 1780 et
1540 1738 1699 1782 arma

276 1799 578 1862 Mirantem
620 1802 907 1880 gravioris
952 1802 1078 1864 heri
1120 1803 1383 1864 sublimis
1420 1804 1656 1884 agebat,

278 1886 467 1947 Dulce
504 1887 721 1947 rubens
762 1888 1049 1967 viridique
1091 1906 1276 1966 genas
1320 1889 1664 1970 spectabilis
1706 1905 1876 1951 aevo.

401 1970 670 2033 Arcades
713 1971 847 2034 huic
891 1982 1131 2034 veteres
1172 1975 1345 2033 astris
1390 1974 1640 2054 lunaque
1686 1976 1940 2054 priores,

276 2054 525 2134 Agmina
570 2056 681 2118 fida
721 2057 897 2132 datis,
936 2073 1232 2118 nemorum
1276 2076 1425 2137 quos
1462 2061 1647 2139 stirpe
1689 2061 1901 2138 rigenti

275 2138 450 2202 Fama
486 2150 679 2218 satoS,
723 2160 894 2226 quum
935 2143 1135 2221 prima·
1163 2142 1376 2221 pedum
1418 2145 1668 2222 vestigia
1705 2144 1884 2206 tellus

273 2224 572 2287 Admirata
618 2226 772 2297 tulit;
810 2226 1060 2287 nondum
1104 2244 1243 2287 arva
1287 2228 1643 2308 domusque,
1684 2246 1798 2289 nec
1841 2228 2018 2290 urbes

278 2307 671 2389 Conubiisque
708 2312 946 2379 modus;
994 2328 1246 2391 quercus
1287 2312 1550 2393 laurique
1588 2313 1862 2374 ferebant

275 2392 469 2455 Cruda
509 2398 860 2475 puerperia..
897 2413 970 2457 ac
1022 2396 1277 2476 populos
1320 2398 1595 2459 umbrosa
1641 2400 1862 2459 creavit

273 2476 589 2556 Fraxinus,
636 2491 697 2543 et
739 2479 899 2543 foeta
941 2480 1142 2542 viridis
1186 2500 1338 2561 puer
1382 2481 1601 2543 excidit
1644 2500 1811 2543 orno.

277 2562 346 2623 Hi
383 2563 535 2624 lucis
576 2567 871 2645 stupuisse
912 2566 1081 2627 vices
1121 2569 1432 2647 noctisque
1476 2565 1739 2628 feruntur

273 2646 487 2708 Nubila
532 2657 591 2709 et
634 2651 938 2712 occiduum
978 2651 1157 2729 longe
1197 2651 1402 2714 Titana
1448 2653 1636 2713 secuti

271 2730 646 2812 Desperasse
685 2734 854 2795 diem.
943 2734 1271 2797 Rarescunt
1310 2736 1427 2799 alta
1461 2736 1692 2798 colonis

274 2815 570 2894 Maenala,
608 2818 973 2880 Parthenium
1019 2820 1234 2897 fugitur
1275 2839 1514 2899 nemus,
1562 2821 1788 2899 agmina
1832 2820 1993 2883 bello

274 2900 582 2981 Rhipeque
627 2911 686 2963 et
727 2903 940 2964 Stratie
980 2913 1344 2985 ventosaque
1386 2906 1561 2967 donat
1595 2905 1835 2986 Enispe.

273 2983 406 3047 Non
448 2985 682 3065 Tegea,
728 3005 843 3048 non
885 2988 1011 3067 ipsa
1060 2989 1175 3050 deo
1218 3000 1389 3052 vacat
1432 2989 1569 3052 alite
1614 2991 1758 3052 felix

274 3066 522 3147 Cyllene
567 3071 961 3153 templumque
1006 3072 1192 3136 Aleae
1237 3077 1536 3138 nemorale
1578 3075 1899 3152 Minervae,

273 3152 349 3216 Et
388 3156 625 3236 rapidus
670 3153 909 3234 Cliton,
943 3167 1003 3217 et
1043 3161 1143 3238 qui
1180 3159 1315 3237 tibi,
1357 3160 1596 3239 Pythie,
1642 3159 1840 3222 Ladon

271 3237 466 3301 Paene
510 3258 722 3318 socer,
771 3242 1142 3322 candensque
1185 3246 1337 3322 iugis
1376 3244 1613 3326 Lampia
1655 3246 1875 3307 nivosis

272 3321 349 3383 Et
390 3323 658 3386 Pheneos
698 3326 866 3405 nigro
911 3327 1094 3405 Styga
1129 3330 1356 3391 mittere
1393 3329 1614 3392 credita
1647 3331 1785 3392 Diti.

270 3405 444 3469 Venit
481 3419 541 3471 et
580 3408 772 3472 Idaeis
817 3410 1130 3475 ululatibus
1170 3414 1432 3475 aemulus
1464 3415 1632 3478 Azan

2177 291 2278 347 255

2173 1140 2276 1195 265

2171 1562 2278 1618 270

2170 1982 2275 2041 275

2168 2406 2272 2462 280

2166 3253 2270 3310 290
