2517 3909
360 134 478 196 114
1005 150 1071 198 P.
1115 150 1384 199 PAPINII
1426 150 1660 201 STA'rn

354 301 473 363 Iam
517 302 803 383 plangore
844 304 1011 382 viae,
1059 307 1279 383 gemitu
1319 307 1431 369 iam
1471 308 1638 386 regia
1680 307 1860 386 mugit

355 386 630 465 Flebilis,
674 399 956 469 acceptos
999 389 1177 469 longe
1215 408 1456 453 nemora
1501 394 1629 453 avia
1668 392 1939 471 frangunt

356 472 853 553 Multiplicantque
896 491 1096 535 sonos.
1180 477 1368 538 Sedet
1401 478 1532 556 ipse
1567 486 1773 537 exutus
1815 478 2041 540 honoro

354 558 639 619 vittarum
674 577 830 619 nexu
851 562 1134 638 genitor,
1169 561 1614 641 squalentiaque
1653 578 1759 623 ora

359 645 611 724 Sparsus
655 653 714 704 et
755 643 1030 705 incultam
1069 644 1241 706 ferali
1276 646 1521 725 pulvere
1561 645 1818 707 barbam.

357 729 648 809 Asperior
683 738 884 792 eontra
925 728 1313 809 planctusque
1346 749 1589 809 egressa
1621 731 1823 792 viriles

355 813 644 894 Exemplo
686 814 931 874 famulas
974 816 1183 893 premit
1223 815 1602 895 hortaturque
1645 815 1945 877 volentes·

357 899 510 961 Orba
552 917 800 979 parens,
839 899 1185 978 lacerasque
1227 899 1836 980 superprocumbere
1873 904 1990 962 nati

356 984 680 1064 Relliquias
723 982 919 1061 ardet,
963 984 1297 1063 totiensque
1341 983 1543 1045 avulsa
1584 983 1856 1045 refertur.

357 1070 541 1131 Arcet
583 1077 642 1130 et
684 1069 814 1148 ipse
859 1077 1045 1148 pater.
1127 1067 1270 1129 Mox
1308 1078 1371 1130 ut
1407 1070 1725 1131 moerentia
1767 1069 1959 1149 dignis

356 1154 626 1216 Vultibus
667 1152 884 1214 Inachii
927 1161 1304 1232 penetrarunt
1343 1154 1537 1215 limina
1577 1172 1778 1231 reges,

358 1237 484 1301 Ceu
525 1255 677 1300 nova
723 1247 858 1299 tunc
895 1238 1098 1299 clades
1141 1246 1203 1299 et
1242 1239 1430 1318 prmo
1470 1240 1706 1300 saucius
1748 1237 1937 1299 infans

355 1324 614 1384 Vulnere
634 1369 652 1402 ,
690 1322 969 1384 letalisve
996 1324 1353 1403 inrumperet
1392 1324 1535 1384 atria
1570 1341 1845 1402 serpens,

359 1410 458 1471 Sic
502 1408 674 1469 alium
718 1425 795 1468 ex
837 1406 956 1467 alio
998 1423 1343 1487 quamquam
1382 1408 1596 1469 lassata
1638 1407 1934 1485 fragorem
1968 1455 1973 1462 .

352 1494 605 1555 Pectora
647 1492 1087 1570 congeminant,
1127 1494 1543 1572 integratoque
1576 1492 1864 1553 resultant

352 1579 678 1639 Accensae·
712 1575 969 1638 clamore
1009 1576 1204 1637 fores:
1247 1595 1491 1638 sensere
1531 1575 1766 1654 Pelasgi

354 1662 667 1740 Invidiam,
713 1670 774 1722 et
807 1661 1060 1722 lacrimis
1106 1669 1388 1722 excusant
1431 1662 1661 1722 crimen²
1689 1660 1931 1722 obortis.

485 1745 653 1827 Ipse,
697 1747 889 1807 datum
924 1747 1668 1826 quotiens,·intercisoque
1706 1745 1953 1806 tumultu
2084 1775 2090 1784 ·

361 1831 653 1894 Conticuit
691 1831 1021 1911 stupefacta
1064 1831 1300 1909 domus,
1347 1830 1569 1892 solatur
1607 1829 1892 1891 Adrastus

356 1917 653 1997 Alloquiie
685 1917 1011 1995 genitorem
1054 1915 1238 1975 ultro:
1289 1933 1441 1976 nunc
1482 1916 1600 1976 fata
1641 1932 1962 1976 remens
2050 1967 2057 1970 .

353 2003 597 2082 Resque
642 2001 932 2062 hominum
973 2000 1147 2061 duras
1187 2009 1246 2060 et
1274 1999 1643 2061 inexorabile
1673 2017 1961 2081 pensum„

354 2088 524 2150 Nunc
562 2086 732 2146 aliam
774 2086 1431 2165 prolem‘mausuraque
1469 2086 1695 2156 numine
1738 2083 1951 2145 dextro

355 2173 628 2251 Pignora.
716 2169 1006 2230 Nondum*
1030 2171 1181 2230 orsis
1223 2170 1463 2247 modus,
1509 2179 1569 2230 et
1612 2169 1862 2230 lamenta
1905 2169 2193 2231 redibant.

352 2257 465 2318 Ille
512 2273 745 2336 quoque
793 2255 1016 2316 affatus·
1042 2271 1160 2314 non
1191 2255 1436 2316 -mollins
1477 2254 1641 2315 audit
1677 2254 1918 2332 amicos,

357 2340 543 2416 Quam
582 2341 765 2401 trucis
804 2338 950 2399 Ionii
987 2337 1184 2399 rabies
1227 2339 1533 2402 clamantia
1571 2348 1753 2418 ponto

356 2425 510 2486 Vota
547 2426 763 2502 virum,
803 2433 899 2484 aut
939 2432 1148 2484 tenues
1192 2433 1390 2488 curant
1432 2441 1584 2502 vaga
1621 2422 1856 2484 tumim
1896 2423 2144 2486 nilnbos.

479 2509 765 2571 Tristibus
803 2509 1046 2569 interea*
1067 2509 1241 2571 ramis
1285 2519 1605 2587 teneraque
1634 2525 1933 2587 cupresso

355 2594 669 2656 Damnatus
714 2594 975 2655 flammae
1007 2604 1173 2655 torus
1211 2602 1277 2653 et
1320 2593 1548 2673 puerile
1585 2592 1917 2672 pheretrum

361 2679 635 2757 Texitur,
679 2680 788 2740 ima
828 2675 1019 2739 virent
1062 2678 1283 2757 agresti
1322 2678 1590 2738 stramina
1622 2676 1805 2740 cultu.

356 2763 626 2825 Proxima
668 2763 978 2843 gramineis
1020 2764 1335 2842 operosior
1376 2779 1515 2823 area
1548 2762 1751 2839 sertis,

356 2846 435 2909 Et
472 2850 790 2928 picturatus
831 2847 1122 2909 morituris
1163 2846 1407 2908 floribus
1449 2864 1652 2925 agger.

360 2932 590 2994 Tertius
629 2951 945 3011 assurgens
985 2930 1240 2992 Arabum
1284 2940 1445 2992 strue
1485 2931 1708 2992 tollitur
1751 2931 1896 2993 ordo
1988 2973 1993 2982 -

357 3016 518 3078 ans
565 3019 926 3099 complexus¹
956 3032 1105 3095 opes
1148 3017 1469 3095 incanaque
1502 3015 1698 3095 glebis

360 3101 513 3163 Tura
558 3113 617 3164 et
655 3103 734 3164 ab
773 3103 1016 3181 antiquo
1055 3100 1316 3162 durantia
1354 3103 1616 3162 cinnama
1652 3099 1821 3161 Belo.

361 3188 589 3248 Summa
629 3194 868 3265 crepant
905 3201 1086 3263 aure,
1131 3185 1426 3265 Tyrioque
1469 3185 1755 3247 attollitur
1792 3192 1954 3246 ostro

360 3269 541 3332 Molle
581 3269 984 3350 supercilium,
1025 3278 1250 3330 teretes
1280 3270 1404 3331 ,hoc
1445 3269 1699 3350 undique
1733 3286 1998 3349 gemnae

358 3354 677 3430 lnradiant,
720 3352 912 3413 medio
952 3352 1123 3414 Linus
1161 3354 1513 3416 intertextus
1534 3353 1800 3418 'acantho

359 3437 716 3517 Letiferique
761 3454 965 3500 canes:
1015 3455 1163 3519 opus
1207 3437 1827 3521 admirabile-semper
