2517 3909
964 153 1377 203 mEBArnos
1410 154 1551 203 mn.
1599 154 1646 222 1.
1719 225 1722 229 Δ
2234 145 2307 206 11

293 308 673 387 Longaevum
721 308 963 389 inplicui
1008 327 1222 387 regem
1257 310 1545 389 secuique
1581 310 1884 371 trementis
2083 387 2087 392 .
2238 320 2313 376 65*

295 392 424 455 Ora
466 396 656 471 seniS,
704 394 839 455 dum
884 410 1108 473 quarn-o¹
1149 404 1412 473 patrem,
1455 395 1506 453 si
1544 393 1839 473 Sphingos
1886 394 2134 475 iniquae.

299 476 562 542 Callidus
601 479 879 556 ambages
918 489 976 539 te
1013 488 1515 557 praemonstrante
1560 479 1839 557 resolvi,
1891 508 1895 512 v

299 563 618 634 Si‘dulces
660 564 842 624 furias
890 573 949 624 et
990 563 1362 625 lamentabile
1404 565 1603 623 matris

300 644 628 708 conubium
665 648 902 725 gavisus
945 648 1045 709 inii
1087 656 1440 727 noctemque
1485 647 1794 709 nefandam

241 742 250 750 “
300 733 507 811 Saepe
543 732 650 792 tuli
692 735 978 812 natosque
1022 732 1161 808 tibi,
1203 734 1322 793 scis
1367 734 1529 811 ipsa,
1577 734 1801 812 paravi,
2239 741 2310 798 70

301 814 448 877 Mox
489 816 694 877 avidus
731 834 962 896 poenae
1005 817 1202 894 digitis
1243 817 1590 878 cedentibus
1629 817 1783 878 ultro
2041 815 2049 821 ’

299 899 545 964 Incubui
588 902 918 983 miseraque
963 902 1174 962 oculos
1216 902 1277 961 in
1317 909 1515 963 matre.
1547 901 1803 981 reliqui3.

300 984 565 1062 Exaudi,
607 986 658 1045 si
701 986 874 1064 digna
918 1003 1169 1066 precor,
1218 1004 1489 1065 quaeque
1532 988 1664 1065 ipsa
1704 985 1918 1048 furenti

302 1070 655 1131 Subiceres:
701 1070 905 1132 orbum
947 1073 1077 1131 visu
1119 1072 1441 1149 regnisque
1482 1073 1786 1150 parentem

298 1154 437 1216 Non
477 1165 871 1233 regere,·aut
914 1156 1086 1217 dietis
1127 1164 1491 1216 moerentem
1531 1154 1775 1216 flectere
1806 1155 2034 1235 adorti,
2239 1161 2308 1219 75

304 1239 472 1313 Quos
514 1241 689 1318 genui
730 1257 1103 1320 quocumque
1148 1249 1314 1308 tor-03
1360 1240 1502 1319 quin
1543 1255 1688 1300 ecee
1735 1241 1975 1319 superbi
2115 1236 2120 1241 ’

300 1324 419 1385 Pro
458 1323 660 1385 dolor!
701 1333 762 1385 et
807 1334 1011 1386 nostro
1048 1324 1374 1385 iamdudum
1417 1324 1624 1392 funere
1666 1342 1853 1401 reges

303 1408 585 1470 Insultant
621 1409 882 1470 tenebris
923 1410 1293 1487 gemitusque
1341 1408 1525 1470 odere
1564 1418 1865 1488 paternos.

300 1493 485 1555 Hisne
526 1494 698 1555 etiam
741 1494 1008 1555 funestus
1047 1491 1210 1571 ego?
1256 1502 1316 1553 et
1353 1493 1515 1556 videt
1553 1495 1665 1554 ista
1707 1493 1949 1556 deorum
2227 1539 2230 1543 ι

302 1577 556 1657 Ignavus
593 1576 869 1656 genitor?
929 1578 1017 1639 Tu
1062 1577 1272 1639 saltem
1319 1577 1518 1639 debita
1561 1579 1780 1640 vindex
1988 1608 2011 1618 >¹
2240 1588 2311 1643 80

301 1662 432 1723 Huc
475 1662 617 1723 ades
661 1672 721 1723 et
757 1672 919 1724 totos
954 1665 1013 1723 in
1045 1680 1304 1742 «poenam
1349 1661 1545 1722 ordire
1589 1667 1864 1741 nepotes.

301 1746 484 1809 Indue
523 1746 686 1826 quod
720 1748 1006 1810 madidum
1041 1747 1179 1809 tabo
1226 1745 1499 1808 diadema.
1536 1749 1795 1807 cruentis

303 1831 612 1910 Unguibus
655 1833 902 1912 arripui,
946 1834 1221 1911 votisque
1267 1832 1535 1891 instincta
1580 1832 1844 1910 paternis

302 1917 333 1979 1
369 1916 559 1978 media
601 1917 660 1976 in
698 1917 941 1995 fratres,
987 1918 1228 1995 generis
1270 1916 1568 1976 consortia
1609 1914 1772 1977 ferro

304 2000 630 2063 Dissiliunt
699 2001 822 2080 Da,
866 2002 1129 2063 Tartarei
1173 2002 1380 2080 regina
1421 1999 1702 2077 barathri,
2241 2008 2311 2065 85

305 2085 480 2161 Quod
526 2087 755 2168 cupiam
796 2088 1017 2149 vidisse
1051 2087 1254 2163 nefas,
1296 2103 1417 2146 nec
1458 2084 1622 2146 tarda
1666 2092 1950 2164 sequetur
2174 2111 2179 2116 ⁴

304 2170 473 2233 Mens
514 2172 815 2244 iuvenum3
855 2174 1031 2234 medo
1070 2174 1243 2257 digna
1284 2171 1448 2231 veni:
1496 2187 1628 2232 mea
1667 2172 1916 2251 pignora
1957 2174 2225 2230 nosces.’

433 2254 596 2317 Talia
636 2255 852 2317 dicenti
897 2258 1154 2319 crudelis
1187 2256 1320 2317 diva
1354 2272 1609 2316 severos

306 2340 577 2403 Advertit
617 2341 832 2401 vultus.
922 2341 1301 2404 lnamoenum-
1335 2340 1490 2402 forte
1524 2338 1778 2401 sedebat

308 2423 578 2502 Cocyton
621 2426 812 2503 iuxta,
847 2426 1226 2507 resolutaque
1271 2426 1498 2487 uertice
1542 2425 1736 2485 crines
2242 2432 2314 2489 90

301 2510 589 2573 Lambere
635 2508 928 2571 sulfureas
974 2514 1327 2591 permiserat
1364 2508 1652 2587 anguibus
1690 2505 1896 2569 undas.

304 2595 479 2657 Ilicet
514 2597 651 2675 igne
696 2593 856 2655 lovis
900 2595 1203 2675 lapsisque
1245 2596 1478 2655 citatior
1519 2593 1692 2653 astris

306 2679 595 2742 Tristibus
646 2679 853 2741 exiluit
890 2680 1054 2759 ripis.
1137 2678 1409 2742 Discedit
1451 2679 1621 2740 unane

304 2765 533 2843 Vulgus
580 2773 641 2825 et
681 2781 966 2825 occursus
1006 2763 1273 2824 dominae
1316 2772 1513 2841 pavet.
1542 2772 1575 2796 ⁴
1601 2760 1711 2823 Illa
1754 2773 1865 2841 per
1907 2758 2142 2823 umbras

304 2847 382 2910 Et
428 2848 753 2928 caligantes
793 2848 1107 2908 animarum
1152 2848 1419 2910 examine
1461 2863 1709 2928 campos
2242 2853 2311 2909 95

305 2932 633 2996 Taenariae
680 2933 857 2994 limen
903 2933 1049 3011 petit
1090 2931 1467 2993 inremeabile
1512 2941 1744 3013 portae.

435 3019 635 3078 Sensit
676 3016 892 3078 adesse
927 3017 1091 3095 dies,
1134 3018 1311 3097 piceo
1347 3033 1468 3077 nox
1504 3017 1678 3079 obvia
1718 3014 1913 3078 nimbo

301 3102 594 3165 Lucentes
634 3101 887 3163 turbavit
932 3119 1139 3181 equos.
1216 3101 1431 3163 Procul
1470 3102 1685 3163 arduus
1731 3099 1900 3161 Atlas

304 3185 546 3254 Horruit
588 3194 648 3247 et
696 3186 872 3248 dubia
910 3186 1144 3249 coelum
1186 3187 1427 3247 cervice
1471 3188 1715 3248 remisit.
2326 3225 2333 3232 -

306 3271 530 3352 Arripit
572 3271 873 3351 extemplo
916 3269 1146 3332 Maleae
1191 3272 1267 3332 de
1300 3270 1474 3332 valle'
1502 3284 1824 3348 resurgens
2209 3275 2315 3330 100

305 3355 517 3417 Totum
558 3356 673 3417 iter
708 3356 781 3418 ad
826 3355 1094 3434 Thebas,
1137 3373 1332 3436 neque
1377 3356 1527 3437 euim
1569 3354 1843 3415 velocior
1876 3349 2029 3415 ullas

303 3439 476 3525 Itque
519 3440 786 3521 reditque
830 3441 962 3504 vias
1004 3449 1331 3522 cognatave
1379 3449 1599 3509 tartara
1640 3434 1879 3502 mavult.
