2517 3909
295 118 378 181 52
725 111 748 132 ⁴
989 131 1055 182 ι’.
1097 131 1367 180 rma
1407 131 1642 184 snm

296 288 503 367 Augur
547 297 736 350 amate
777 284 948 351 deis?
1025 286 1162 350 Non
1199 298 1261 349 te
1306 286 1851 354 coelestimfrustta

293 373 546 435 Edocuit
587 373 870 453 lauroque
911 391 1017 435 sua
1060 374 1328 452 dignatus
1367 372 1588 451 Apollo
1633 381 1746 448 est,
1968 419 1973 430 .
2197 381 2304 438 105

293 457 371 519 Et
415 475 711 519 nemorum
747 457 1000 520 Dodona
1043 477 1257 539 parens
1300 455 1716 537 Cyrrhaeaque
1753 456 1921 534 virgo

294 542 552 604 Audebit
584 545 766 605 tacito
807 544 1064 623 populos
1095 541 1463 622 sus‘penlenc
1496 541 1758 608 Phoebo·

291 627 461 689 Nunc
505 645 740 727 quoque
779 628 1060 691 Tartareo
1102 628 1343 690 multum
1384 627 1604 690 divisus
1632 626 1875 690 Averno

288 711 558 788 Elysias,
605 714 655 790 i,
695 732 882 793 carpe
925 714 1167 793 ρὶῃιιιι,
1211 713 1315 773 ubi
1356 710 1616 774 manibus
1660 713 1823 778 axis
1876 751 1883 772 1

286 798 481 859 Inuus
521 795 764 876 Ogygiis
784 843 803 875 ,
847 817 958 860 nec
1001 801 1185 860 sentis
1231 799 1427 876 iniqua
1469 798 1693 872 tyranni
1740 835 1787 864 ‚·
2144 841 2153 848 ,
2195 805 2305 860 110

286 882 453 944 Iussa
492 883 715 951 valent:
760 883 963 944 durant
999 883 1230 945 habitus
1277 881 1636 946 flammina
1678 881 1933 942 cruentis

288 967 574 1029 Inviolata
613 969 789 1043 feris,
830 968 1101 1049 nudoque
1142 967 1252 1029 sub
1296 985 1411 1028 axe
1448 969 1740 1030 iacentem

288 1051 374 1114 Et
406 1071 607 1114 nemus
652 1063 710 1114 et
752 1054 946 1114 tristis
967 1054 1275 1115 volucrum
1312 1052 1646 1114 reverentia
1689 1059 1907 1112 servat.

416 1136 495 1197 At
536 1147 752 1217 nuptae
799 1140 1098 1199 exanimes
1141 1139 1427 1218 puerique
1470 1137 1754 1215 aegrique
1799 1143 2075 1214 parentes
2210 1197 2215 1204 ,

288 1220 598 1283 Moenibus
637 1222 808 1284 effusi
851 1241 962 1302 per
1000 1222 1204 1303 plana,
1245 1241 1365 1301 per
1395 1223 1605 1297 invias
1625 1221 1845 1300 passim
2132 1217 2139 1224 ‘
2187 1229 2293 1284 115

289 1305 552 1386 Quisque
596 1325 734 1369 suas
774 1308 927 1368 avidi
965 1308 1040 1369 ad
1083 1308 1356 1370 lacrimas
1396 1305 1729 1370 miserabile
1766 1312 2002 1365 currunt

291 1388 636 1468 Certamen,
682 1410 830 1471 quos
874 1392 1057 1454 densa
1096 1392 1283 1470 gradu
1310 1393 1667 1456 -comitantur
1711 1398 1914 1458 cuates
1958 1433 1962 1442 .

285 1475 470 1537 Miltia
512 1476 740 1538 solandi
785 1477 1010 1554 studio,
1054 1496 1192 1557 pars
1234 1479 1431 1540 visere
1472 1476 1723 1554 flagrant

288 1560 469 1620 Unius
510 1569 640 1621 acta
681 1563 793 1622 viri
829 1571 894 1622 et
936 1571 1125 1624 tantos
1167 1563 1226 1634 in
1267 1571 1443 1626 nocte
1489 1560 1751 1624 labores.

286 1645 508 1708 Fervet
551 1645 662 1706 iter
709 1647 962 1725 gemitu,
1006 1657 1066 1708 et
1109 1647 1489 1727 plangoribus
1520 1663 1660 1710 arva
1694 1644 2032 1714 reclamant.
2189 1653 2298 1706 120

415 1729 493 1791 Ut
531 1745 679 1791 vero
722 1731 968 1793 infames
1007 1732 1303 1811 scopulos·
1336 1731 1657 1810 silvamque
1701 1728 2010 1798 nefandam

286 1814 664 1892 Perventum,
712 1836 824 1878 ceu
865 1816 1023 1879 nulla
1063 1819 1225 1897 prius
1265 1817 1514 1900 lamenta
1556 1831 1670 1876 nec
1710 1815 1822 1875 atri

285 1898 618 1961 Manassent
656 1900 908 1979 imbres,
952 1902 1040 1963 sic
1077 1919 1184 1962 ore
1225 1893 1609 1964 miaerrimus.
1626 1917 1742 1964 uno

285 1982 564 2045 Exoritur
600 1985 846 2064 fragor,
877 1986 1281 2066 adspectuque
1321 2003 1574 2050 accensa
1618 1993 1859 2048 cruento

288 2068 484 2130 Turba
525 2070 694 2131 furit:
741 2080 856 2132 stat
896 2072 1217 2149 sanguineo
1261 2071 1543 2134 discissus
1587 2072 1795 2158 amictu
2188 2079 2299 2132 125

285 2152 501 2216 Luctus
546 2164 715 2216 atrox
759 2172 1057 2235 caesoque
1102 2157 1304 2218 invitat
1346 2164 1595 2235 pectore
1637 2163 1870 2218 matres.

286 2239 631 2300 scrutantur
672 2240 875 2317 galeas
918 2240 1236 2317 frigentum.
1261 2243 1616 2320 inventaque
1660 2246 1979 2306 monstrant

287 2322 587 2402 Corpora,
634 2325 952 2402 prociduae
997 2343 1177 2404 super
1209 2335 1623 2403 externosque·
1648 2340 1927 2401 suosque.

283 2406 411 2469 Hae
455 2418 724 2488 pressant
751 2410 834 2470 'iu
862 2408 1002 2469 tabe
1049 2428 1289 2487 eomas,
1320 2410 1435 2472 hae
1476 2409 1687 2474 lumina
1728 2409 1956 2485 signant

168 2513 178 2523 ·
286 2492 665 2572 Vulneraque
709 2493 825 2555 alta
867 2494 1099 2573 replent
1142 2495 1428 2571 lacrimis,
1468 2512 1606 2574 pars
1646 2492 1874 2572 spicula
1912 2491 2122 2556 dextra
2185 2500 2293 2556 130

283 2575 688 2657 Nequicquam
733 2588 1011 2659 parcente
1051 2580 1316 2654 trahunt,
1362 2595 1502 2658 pars
1534 2578 1794 2640 molliter
1834 2584 2034 2656 aptant

284 2661 533 2723 Brachia
576 2671 790 2724 trunca·
820 2662 958 2726 loco
1001 2674 1062 2724 et
1106 2664 1443 2727 cervicibus
1484 2682 1589 2725 ora
1632 2670 1938 2742 reponunt·

415 2745 494 2806 At
534 2765 686 2825 vaga
730 2766 838 2827 per
880 2749 1083 2810 dumos
1123 2751 1411 2828 vacuique
1453 2751 1511 2812 in
1554 2747 1799 2828 pulvere
1842 2747 2032 2826 campi

285 2828 498 2909 Magna
540 2849 755 2910 parens
795 2834 1096 2910 iuvenum,
1135 2836 1353 2912 gemini
1386 2843 1522 2898 tuno
1556 2833 1808 2910 funeris,
1853 2831 1957 2896 lde

287 2915 668 2995 squalentem
707 2916 936 2980 sublata
973 2935 1197 2981 comam
1238 2919 1603 2999 liventiaque
1634 2935 1741 2981 ora
1952 2971 1959 2982 .
2188 2926 2292 2984 135

287 2998 498 3079 Ungue
543 3017 854 3080 premens,
897 3019 1009 3064 nec
1052 3005 1163 3065 iam
1206 3003 1414 3068 infelix
1455 3002 1935 3081 miserandaque,
1979 3020 2182 3064 verum

289 3083 511 3146 Terror
553 3088 706 3150 inest
743 3086 1032 3166 lacrimis,
1079 3108 1189 3169 per
1228 3098 1288 3150 et
1328 3105 1489 3154 arma
1531 3098 1589 3149 et
1633 3104 1887 3167 corpora
1930 3088 2143 3168 passim

291 3169 587 3233 caniciem
632 3172 902 3251 inpexam
946 3173 1070 3236 dira
1110 3174 1320 3236 tellure
1346 3173 1652 3249 volutans,
1808 3234 1813 3240 .

292 3253 535 3329 Quaerit
576 3257 746 3337 inops
787 3268 955 3320 natos
1000 3260 1269 3339 omnique
1312 3259 1371 3342 iu
1415 3275 1677 3337 corpore
1713 3257 1955 3337 plangit.

416 3339 715 3403 Thessalis
757 3342 911 3405 haud
953 3342 1124 3406 aliter
1151 3342 1315 3406 bello
1358 3344 1563 3420 gavisa
1597 3344 1847 3417 recenti,
2187 3350 2293 3406 140

292 3421 399 3486 Cui
441 3425 661 3505 gentile
702 3428 867 3490 nefas
907 3426 1196 3492 huminem
1235 3444 1525 3494 revocare
1568 3427 1853 3506 canendo,
