2517 3909
864 151 1265 201 mesmes
1308 153 1449 201 mn.
1487 151 1612 198 ΧΠ.
2107 136 2232 200 269

231 301 358 371 Aut
398 308 615 370 Danais
658 308 827 370 edice
866 327 1048 386 rogos
1092 318 1189 370 ant
1234 308 1458 388 proelia
1504 306 1764 368 Thebis?

369 395 469 454 Sic
510 394 588 454 ait
630 392 844 454 oblitus
887 394 1146 473 bellique
1187 396 1435 471 viaeque
1479 392 1761 468 laborum,

234 478 632 556 Hortatnrque
672 495 812 538 suos
850 480 1127 558 viresque
1170 480 1447 538 instaurat
1484 477 1742 537 anhelas.
2130 484 2236 539 600

238 563 322 623 Ut
358 562 531 622 modo
570 561 831 623 conubiis
876 572 1103 637 taurus,
1147 563 1414 640 saltuque
1455 570 1722 641 recept0,

241 647 435 721 Quum
474 649 669 725 posuit
712 665 967 726 pugnas,
1012 648 1226 721 aliosi
1268 646 1421 707 forte
1457 647 1704 723 remugit
1784 676 1791 685 ·

240 732 545 793 Bellatore
588 750 822 808 nemus,
867 749 1208 812 quamquam
1251 748 1358 791 ora
1399 739 1461 790 et
1504 731 1659 791 colla
1704 739 1943 791 cruento

239 815 438 877 Imbre
477 816 737 892 madent,
789 834 974 876 novus
1012 833 1169 878 arma
1217 822 1387 895 parat
1428 832 1807 894 campumque
1850 814 2150 875 lacessens

239 900 582 962 Dissimulat
621 902 867 978 gemitus
912 911 972 962 et
1017 901 1258 962 vulnera
1300 899 1543 979 pulvere
1587 899 1758 960 celat.
2133 909 2237 964 605

241 985 382 1064 Ipsa
421 994 607 1045 metus
645 985 898 1061 Libycos
931 987 1426 1063 servatricemque
1468 982 1764 1045 Medusam

242 1069 512 1131 Pectoris
548 1071 777 1131 incussa
813 1072 994 1131 movit
1033 1070 1288 1131 Tritonia
1326 1086 1543 1148 parma.

244 1154 516 1216 Protinus
558 1157 737 1216 erecti
777 1164 902 1216 toto
941 1155 1110 1217 simul
1151 1155 1380 1233 agmine
1416 1153 1650 1215 Thebas

244 1239 597 1319 Respexere
633 1258 885 1318 angues;
930 1241 1176 1302 necdum
1211 1240 1440 1300 Atticus
1482 1240 1569 1300 ire
1609 1238 1850 1319 parabat

246 1324 454 1401 Miles,
505 1334 566 1385 et
607 1325 809 1387 infelix
849 1328 1081 1406 expavit
1119 1325 1370 1386 classica
1406 1323 1605 1384 Dirce.
2138 1332 2243 1389 610

380 1407 665 1471 Continuo
710 1412 767 1470 in
810 1429 1035 1490 pugnas
1071 1409 1222 1472 haud
1265 1410 1452 1471 solum
1493 1424 1744 1470 accensa
1785 1407 2071 1484 iuventus,

251 1494 370 1568 Qui
405 1494 578 1555 modo
619 1492 900 1556 Caucasei
945 1497 1188 1557 comites
1228 1496 1462 1556 rediere
1498 1491 1798 1571 triumphi;

253 1578 452 1640 Omnis
495 1580 569 1640 ad
611 1597 767 1640 arma
808 1581 985 1641 rudes
1027 1598 1171 1658 ager
1208 1580 1562 1640 extimulavit
1604 1578 1886 1638 alumnos.

254 1661 620 1725 Conveniunt
659 1664 931 1743 ultroque
971 1665 1133 1726 ducis
1173 1664 1389 1726 vexilla
1429 1671 1764 1743 sequuntur,

254 1747 371 1821 Qui
405 1747 661 1826 gelidum
697 1748 990 1811 Braurona
1031 1750 1173 1825 viri,
1219 1750 1316 1828 qui
1356 1766 1487 1808 rura
1531 1748 1826 1808 lacessunt
2141 1757 2246 1811 615

251 1831 545 1893 Munichia
582 1842 640 1892 et
675 1834 918 1912 trepidis
956 1832 1223 1894 stabilem
1265 1832 1526 1907 Pyraeea
1562 1832 1749 1892 nautis

254 1915 334 1977 Et
371 1916 620 1978 nondum
654 1915 783 1976 Eoo
821 1918 1037 1978 clarum
1073 1916 1409 1977 Marathona
1447 1914 1756 1995 triumpho.

254 1999 433 2062 Mittit
475 2002 532 2060 in
575 2018 732 2061 arma
772 2020 971 2062 manus
1018 2001 1341 2079 genialibus
1385 2000 1613 2080 hospita
1651 2000 1799 2060 divis

255 2084 431 2147 Icarii
470 2083 755 2164 Celeique
793 2086 1025 2162 domus,
1069 2086 1403 2164 viridesque
1436 2084 1738 2145 Melaenae

259 2170 444 2231 Dives
485 2179 545 2231 et
580 2169 839 2248 Egaleos
875 2188 1171 2231 nemorum
1210 2169 1544 2249 Parnesque
1579 2168 1866 2244 benignus
2147 2177 2252 2231 620

260 2254 492 2316 vitibus
536 2264 595 2315 et
633 2257 831 2334 pingui
873 2255 1079 2316 melior
1110 2254 1483 2329 Lycabessos
1518 2252 1690 2313 oliva.

261 2340 439 2400 Venit
480 2349 649 2400 atrox
682 2339 840 2401 lleus
876 2350 937 2401 et
974 2339 1186 2401 olentis
1222 2347 1418 2399 arator
1446 2337 1719 2413 Hymetti,

264 2424 549 2504 Quaeque
586 2425 762 2486 rudes
800 2425 1035 2501 thyrsos
1068 2425 1304 2485 hederis
1347 2424 1639 2497 vestistiS,
1685 2420 2006 2482 Acharnae.

189 2528 196 2535 ·
262 2507 560 2587 Linquitur
598 2508 743 2570 Eois
779 2511 956 2587 longe
998 2508 1363 2589 speculabile
1403 2509 1596 2587 proris

267 2595 516 2670 Sunion,
559 2594 711 2655 unde
751 2597 887 2672 vagi
929 2612 1194 2656 casurum
1234 2595 1292 2653 in
1335 2595 1563 2653 nomina
1604 2592 1764 2671 ponti
2149 2600 2252 2655 625

255 2676 505 2761 'Cressia
549 2679 786 2758 decepit
823 2678 975 2740 falso
1016 2681 1155 2740 ratis
1192 2679 1402 2756 Aegea
1436 2677 1593 2740 velo.

267 2761 392 2823 Hos
432 2762 676 2825 Salamis
717 2764 1006 2843 populos,
1052 2763 1188 2824 illos
1226 2762 1492 2823 Cerealis
1531 2760 1771 2822 Eleusin

269 2846 516 2908 Horrida
553 2850 853 2927 suspensis
890 2848 963 2910 ad
1003 2848 1228 2927 proelia
1262 2848 1415 2907 misit
1453 2849 1679 2920 aratris,

268 2930 348 2992 Et
382 2949 531 3011 quos
568 2930 864 2993 Callirhoe
906 2936 1111 2994 novies
1146 2931 1471 2992 errantibus
1514 2931 1681 2991 undis
2230 2970 2238 2979 -

269 3014 547 3096 Inplicat,
595 3026 654 3078 et
686 3027 888 3097 raptae
924 3020 1022 3097 qui
1059 3018 1332 3077 conscius
1367 3014 1642 3092 Orythiae
2156 3024 2263 3080 630

276 3100 503 3162 Celavit
537 3101 776 3163 Geticos
815 3103 959 3181 ripis
995 3102 1200 3162 Ilissos
1240 3118 1490 3164 amores.

273 3184 409 3264 lpse
446 3203 680 3266 quoque
719 3187 776 3246 in
818 3204 1042 3265 pugnas
1074 3195 1354 3247 vacuatur
1388 3187 1595 3262 collis,
1639 3186 1736 3247 ubi
1769 3189 1975 3265 iugens

274 3268 370 3330 Lis
407 3288 714 3348 superum,
759 3270 946 3332 dubiis
986 3271 1178 3331 donec-
1212 3288 1364 3332 nova
1403 3280 1673 3349 surgeret
1708 3270 1884 3333 arbor

273 3352 536 3432 Rupibus
576 3363 635 3414 et
672 3353 849 3432 longa
888 3354 1155 3434 refugum
1195 3374 1357 3417 mare
1392 3356 1690 3434 trangeret
1718 3355 1937 3417 umbra.

274 3438 430 3500 Isset
465 3446 525 3500 et
564 3436 814 3502 Arctoas
849 3438 1102 3507 Cadmea
1138 3441 1210 3504 ad
1243 3443 1474 3504 moenia
1511 3440 1728 3503 ducens
2163 3449 2266 3505 635
