2517 3909
812 140 1209 192 mnfflmos
1249 143 1394 192 ms.
1439 144 1540 191 xl.
2054 130 2179 193 247

170 297 299 358 Huc
341 296 549 375 aliquis
596 315 854 377 propere
899 307 1191 377 sceptrum
1235 306 1409 376 atque
1452 299 1678 376 insigne
1720 315 2032 375 comarum,

172 382 325 442 Dum
365 383 568 442 videt?
656 381 819 445 Haec
858 383 1061 444 dicens
1097 401 1340 460 gressus
1382 383 1637 444 admovit
1680 392 1739 443 et
1776 400 1953 461 arma,
2071 391 2175 447 560

174 464 303 527 Ceu
345 467 575 545 templis
615 467 794 528 decus
835 477 896 528 et
937 469 1161 547 patriae
1202 467 1420 528 laturus
1468 469 1683 546 ovanti,

172 550 354 611 Anna
398 552 569 613 etiam
613 552 868 631 spoliare
909 554 1102 632 cupit;
1147 553 1400 613 nondum
1441 553 1544 613 ille
1588 552 1845 631 peractis

172 634 436 696 Manibus
473 636 714 696 ultrices
760 638 1001 698 animam
1044 637 1321 698 servabat
1362 639 1421 697 iu
1463 639 1598 698 iraS.

172 720 367 798 thue
411 729 833 799 superstantem
870 740 1230 801 pronumque
1268 723 1327 781 in
1365 730 1610 802 pectora
1646 723 1850 798 sensit,

174 804 366 881 Erigit
403 805 634 866 occulte
680 806 897 867 ferrum
937 809 1211 884 vitaeque
1256 806 1504 867 labantis
2072 811 2177 868 565

174 889 500 968 Relliquias
539 898 749 952 tenues
793 893 928 953 odio
975 892 1305 971 supplevit,
1353 901 1412 952 et
1453 910 1655 952 ensem

172 973 293 1034 Iam
336 974 525 1035 laetus
559 974 755 1036 fratris
793 995 912 1037 non
953 977 1136 1037 frater
1180 977 1363 1036 corde
1403 977 1656 1056 reliquit.

171 1057 283 1118 Ille
321 1066 540 1119 autem:
587 1059 851 1121 ‘Vivisne
893 1071 951 1122 et
992 1061 1178 1122 adhuc
1216 1069 1409 1121 manet
1445 1061 1533 1121 ira
1571 1068 1895 1140 superstes,

174 1142 403 1203 Perfide
447 1161 557 1204 nec
601 1144 777 1206 sedes
805 1163 1080 1224 umquam
1121 1146 1396 1206 meriture
1433 1142 1700 1224 quietas?

173 1225 199 1286 I
230 1245 461 1288 mecum
496 1228 569 1289 ad
602 1248 835 1308 manes,
873 1231 996 1291 illic
1037 1247 1272 1309 quoque
1307 1239 1479 1309 pacta
1515 1247 1846 1310 reposcam,
2077 1234 2180 1291 570

175 1313 235 1372 Si
271 1298 446 1373 modo
482 1312 784 1392 Agenorei
825 1324 938 1375 stat
970 1313 1218 1376 Gnossia
1257 1314 1466 1375 iudicis
1499 1334 1664 1391 urna,

176 1396 305 1470 Qua
346 1416 524 1475 reges
567 1400 771 1478 punire
811 1400 1023 1461 datur-‚³
1110 1398 1238 1459 Nec
1279 1400 1447 1479 plura
1487 1401 1716 1461 locutus

177 1479 451 1542 Concidit
492 1491 551 1542 et
592 1484 729 1544 totis
767 1484 1006 1545 fratrem
1048 1486 1245 1561 gravis
1291 1484 1482 1545 obruit
1525 1485 1720 1545 armis.

305 1566 393 1627 Ite
440 1576 636 1628 truces
680 1571 903 1629 animae
946 1568 1291 1647 funestaque
1330 1578 1544 1629 tartara
1581 1570 1702 1630 leto
2015 1621 2028 1633 .

174 1651 427 1714 Polluite
472 1661 533 1712 et
575 1663 813 1713 cunctas
853 1651 1037 1714 Erebi
1086 1653 1406 1713 consumite
1445 1671 1689 1732 poenas.
2078 1657 2180 1714 575

174 1736 421 1814 Vosque
458 1737 625 1797 malis
668 1738 985 1815 hominum,
1031 1738 1304 1814 Stygiae,
1348 1738 1460 1797 iam
1507 1738 1763 1817 parcite,
1808 1737 2025 1827 divae.¹

177 1819 453 1893 Omnibus
493 1823 552 1881 in
592 1825 765 1883 terris
806 1823 1003 1883 scelus
1041 1821 1157 1882 hoc
1198 1823 1471 1900 omnique
1513 1821 1620 1881 sub
1664 1839 1812 1882 aevo

177 1906 406 1966 Viderit
446 1925 557 1967 una
600 1908 759 1984 dies,
804 1916 1236 1985 monstrumque
1272 1907 1487 1968 infame
1520 1907 1736 1967 futuris

177 1989 458 2067 Excidat,
505 2001 566 2052 et
606 1992 720 2052 soli
754 2000 1079 2052 memorent
1119 1990 1270 2052 haec
1307 1992 1535 2070 proelia
1575 2009 1773 2068 reges.

308 2075 386 2135 At
427 2077 658 2153 genitor
702 2076 951 2137 sceleris
995 2078 1303 2154 comperto
1347 2075 1494 2152 fine,
1538 2074 1841 2156 profundis
2081 2080 2186 2138 580

179 2158 421 2239 Erepsit
454 2160 715 2221 tenebris
753 2178 1051 2241 saevoque
1092 2178 1126 2220 e
1169 2160 1365 2221 limine
1403 2161 1630 2239 profert

177 2244 430 2309 Mortem
469 2246 882 2324 inperfectam;
928 2246 1117 2306 veteri
1165 2254 1280 2306 stat
1312 2245 1550 2306 sordida
1593 2243 1732 2307 tabo

179 2329 443 2408 Utraque
479 2330 750 2407 canities,
799 2340 859 2390 et
902 2331 1077 2391 durus
1120 2331 1400 2407 sanguine
1445 2331 1618 2390 crinis

182 2412 434 2474 Obnubit
468 2414 676 2476 furiale
721 2424 925 2494 caput;
965 2415 1179 2493 procul
1218 2432 1324 2475 ora
1364 2432 1674 2493 genaeque

180 2497 374 2575 IntuS,
423 2508 481 2558 et
524 2500 779 2559 effossae
821 2500 1096 2578 squalent
1133 2501 1385 2577 vestigia
1429 2499 1597 2559 lucis.
2082 2505 2185 2562 585

182 2582 366 2660 Virgo
411 2592 602 2645 autem
638 2585 926 2663 inpositae
968 2592 1251 2645 sustentat
1291 2584 1550 2663 pondera
1590 2583 1819 2661 laevae,

179 2667 409 2730 Dextra
452 2668 621 2729 sedet
662 2668 894 2729 baculo.
985 2667 1186 2742 Qualis
1231 2670 1281 2728 si
1324 2686 1521 2748 puppe
1561 2668 1769 2728 relicta

180 2751 417 2812 Exosus
463 2754 614 2832 pigri
652 2771 854 2813 manes
899 2752 1157 2813 sulcator
1192 2752 1415 2813 Averni

178 2836 377 2898 Exeat
409 2837 482 2898 ad
516 2855 768 2916 superos
804 2838 1108 2917 solemque
1150 2848 1210 2899 et
1247 2838 1469 2919 pallida
1504 2836 1696 2898 turbet

179 2921 397 3000 Astra,
438 2941 550 2983 nec
591 2924 720 3001 ipse
766 2923 861 2983 diu
900 2923 1070 2983 fortis
1115 2924 1461 3002 patiensque
1509 2922 1747 3002 superni
1820 2946 1825 2953 ’
2081 2927 2187 2983 590

180 3005 395 3083 Aeris,
434 3008 660 3068 interea
705 3006 943 3084 longum
987 3016 1260 3068 cessante
1303 3008 1582 3084 magistro

175 3088 432 3153 Crescat
474 3110 623 3171 opus
666 3093 921 3170 totisque
966 3101 1282 3170 expectent
1321 3092 1558 3152 saecula
1595 3092 1761 3170 ripis.

182 3174 349 3236 Talis
388 3176 487 3236 init
525 3194 789 3255 campum
824 3178 1133 3255 comitique
1176 3185 1437 3237 extrema
1473 3177 1749 3254 gementi,

180 3259 351 3336 Duc,
397 3262 504 3338 ait,
546 3261 618 3321 ad
652 3270 854 3336 natos,
892 3270 1234 3340 patremque
1271 3262 1638 3339 recentibus,
1684 3276 1812 3335 oro,

181 3344 347 3405 Inice
390 3344 708 3408 funeribus.
803 3343 1118 3407 Cunctatur
1155 3348 1354 3406 nescia
1397 3348 1588 3423 virgo,
2084 3348 2187 3413 595

186 3427 345 3504 Quid
385 3439 581 3510 paren
625 3430 924 3511 inpediunt
959 3432 1076 3492 iter
1113 3431 1527 3512 inplicitosque
1569 3435 1863 3489 morantur
