2517 3909
767 171 772 178 -
806 153 1210 204 THEBAmos
1252 155 1392 204 ΜΒ.
1434 155 1556 206 v11.
1878 193 1885 199 .
2054 148 2173 208 145

179 306 259 368 Et
294 309 482 387 pietas
527 317 587 370 et
627 308 789 369 laesa
829 308 975 370 fides
1018 316 1339 389 naturaque
1385 320 1445 371 et
1484 311 1599 390 ipsi

178 391 556 454 Eumenidum
596 409 811 454 mores.
900 393 1021 455 Sed
1058 403 1119 454 tu
1161 412 1341 474 super
1380 396 1526 458 urbe
1568 398 1789 456 moveri

178 476 365 537 Parce
407 486 531 548 tuaz
574 495 691 538 non
732 478 847 539 hoc
891 479 1062 540 statui
1104 478 1212 538 sub
1250 488 1516 560 tempore
1560 480 1739 542 rebus

183 559 471 622 Occasum
508 562 743 633 Aoniis;
788 566 985 626 veniet
1021 566 1353 642 suspectior
1390 574 1550 625 aetas
2068 576 2173 631 220

177 644 536 726 Ultoresque
579 648 707 710 alii:
753 666 904 709 nunc
943 649 1106 725 regia
1150 647 1293 709 Iuno
1338 660 1634 728 queretur.

304 731 403 791 His
446 731 547 792 ille
592 732 799 793 auditis
840 742 1206 812 mentemque
1249 732 1620 812 habitumque
1665 736 1913 813 recepit.

177 814 256 876 Ut
306 834 477 895 quum
520 817 648 877 sole
693 818 845 877 malo
883 819 1147 897 tristique
1189 819 1415 879 rosaria
1458 819 1678 898 pallent

176 899 323 961 Usta
364 899 556 978 Noto,
602 905 651 962 si
696 903 853 963 clara
896 903 1022 962 dies
1070 901 1444 983 Zephyrique
1489 904 1699 964 refecit

174 984 336 1045 Aura
380 986 612 1064 polum,
655 987 805 1048 redit
846 988 1029 1047 omnis
1068 985 1289 1063 honos,
1337 989 1662 1066 emissaque
1702 987 1898 1049 lucent
2066 1000 2170 1053 225
2246 983 2251 992 ⁵

175 1067 476 1145 Germina,
524 1080 581 1131 et
622 1072 899 1132 informes
939 1079 1105 1131 ornat
1145 1089 1249 1132 sua
1291 1072 1482 1149 gloria
1525 1076 1742 1149 virgas.

300 1153 541 1214 Nuntius
590 1157 859 1216 attonitas
904 1155 1224 1217 iamdudum
1267 1156 1529 1218 Eteoclis
1573 1158 1646 1217 ad
1690 1174 1862 1217 aures

172 1238 498 1318 Explorata
542 1240 740 1301 ferens
786 1240 962 1317 longo
1008 1241 1184 1302 docet
1226 1244 1454 1319 agmine
1500 1240 1708 1302 Graios

172 1322 270 1383 Ire
314 1323 525 1400 duces,
572 1342 683 1388 nec
726 1327 837 1385 iam
879 1324 1084 1392 Aoniis
1129 1326 1336 1404 procul
1380 1326 1586 1386 abfore
1633 1327 1885 1404 campis;

175 1406 551 1487 Quacumque
594 1411 877 1486 ingressi,
918 1419 1171 1469 tremere
1216 1429 1286 1470 ac
1325 1412 1716 1470 miserescere
1761 1419 2007 1471 cunctos
2064 1418 2171 1476 230

174 1491 533 1568 Thebarum,
578 1496 675 1572 qui
721 1495 901 1572 stirpe
943 1494 1158 1571 refert,
1207 1496 1303 1572 qui
1343 1496 1572 1556 nomine
1620 1504 1680 1555 et
1719 1496 1910 1555 armis.

170 1577 285 1637 Ille
322 1586 536 1637 metum
572 1579 831 1638 condens
863 1578 1061 1638 audire
1104 1579 1374 1656 exposcit
1415 1589 1472 1639 et
1516 1581 1637 1641 odit

168 1660 536 1722 Narrantem.
622 1661 769 1722 Hinc
811 1660 978 1721 dictis
1019 1663 1216 1722 socios
1258 1662 1553 1723 stimulare
1596 1681 1848 1743 suasque

171 1744 367 1805 Metiri
409 1746 674 1806 decernit
718 1765 894 1825 opes;
942 1748 1244 1807 exciverat
1286 1763 1514 1806 omnem

170 1829 418 1890 Aoniam
458 1830 880 1909 Euboeamque
926 1841 984 1890 et
1027 1830 1318 1891 Phocidos
1363 1849 1500 1890 arva
1538 1831 1901 1909 propinquae
2064 1842 2168 1896 235

170 1913 361 1975 Mars:
407 1916 486 1975 ita
529 1916 701 1976 dulce
749 1915 893 1976 Iovi.
972 1915 1175 1992 Longo
1219 1914 1369 1992 fugit
1412 1914 1615 1975 ordine
1651 1914 1831 1974 velox

171 1998 455 2068 Tessera;
503 2001 838 2078 propellunt
884 2002 1080 2075 acies,
1127 2017 1380 2077 seseque
1423 1999 1528 2059 snb
1571 2000 1746 2059 armis

172 2082 509 2159 ostentant,
556 2084 803 2144 subeunt
848 2102 1086 2163 camp0,
1134 2086 1233 2163 qui
1275 2086 1570 2163 proximus
1612 2084 1741 2166 urbi

174 2166 492 2228 Damnatus
533 2167 710 2228 bellis
755 2178 916 2248 patet
960 2178 1354 2247 expectatque
1399 2169 1649 2229 furores.

298 2251 561 2312 Nondum
589 2253 772 2314 hostis
809 2256 999 2329 circa,
1041 2253 1272 2332 trepido
1314 2262 1507 2313 tamen
1544 2255 1774 2331 agmine
1809 2264 2024 2316 matres
2062 2264 2168 2319 240

172 2334 586 2398 Conscendunt
627 2355 856 2415 muros,
901 2339 1033 2400 inde
1078 2356 1234 2398 arma
1277 2339 1514 2398 nitentia
1550 2340 1702 2399 natis

165 2421 246 2482 Et
280 2421 674 2484 formidandos
715 2432 1036 2484 monstrant
1070 2423 1176 2484 sub
1225 2423 1454 2483 casside
1497 2432 1713 2503 patres.

296 2505 478 2566 Turre
525 2507 732 2585 procul
777 2508 907 2568 sola
944 2508 1191 2568 nondum
1235 2523 1524 2568 concessa
1566 2508 1754 2568 videri

163 2589 463 2669 Antigone
508 2591 742 2671 populis
782 2601 1018 2653 teneras
1058 2591 1384 2653 defenditur
1424 2601 1546 2652 atra

163 2676 351 2735 Veste
395 2694 609 2752 genas3
653 2678 931 2756 iuxtaque
976 2693 1208 2751 comes,
1253 2693 1368 2755 quo
1405 2676 1574 2736 Laius
1613 2676 1731 2737 ibat
2028 2687 2163 2740 ‚245

160 2760 510 2837 Armigero;
548 2770 683 2821 tunc
725 2763 894 2839 virgo
940 2780 1140 2821 senem
1173 2762 1377 2837 regina
1418 2769 1676 2820 veretur.

164 2844 335 2918 Quae
378 2846 465 2905 sic
504 2862 639 2906 orsa
681 2849 875 2926 prior:
934 2847 1197 2925 ‘Spesne
1239 2844 1537 2914 obstatura
1580 2844 1844 2923 Pelasgis

160 2928 327 2990 Haec
365 2930 617 3007 vexilla,
663 2927 873 3010 pater?
916 2929 1150 3008 Pelopis
1189 2929 1559 3014 descendere
1602 2938 1755 2990 totas

159 3013 445 3074 Audimus
488 3024 720 3092 gentes.
809 3015 952 3091 Dic,
1000 3032 1035 3073 o
1076 3030 1329 3093 precor,
1379 3021 1584 3074 extera
1625 3032 1830 3091 regum

158 3098 443 3176 Agmina;
488 3118 622 3162 nam
660 3101 872 3175 video,
920 3117 1070 3178 quae
1113 3107 1318 3158 noster
1361 3100 1528 3174 signa
1569 3097 1960 3173 Menoeceus,
2057 3103 2164 3158 250

160 3182 333 3258 Quae
373 3193 575 3245 noster
619 3194 786 3262 gerat
829 3202 984 3246 arma
1023 3182 1248 3254 Creon,
1292 3200 1463 3261 quam
1506 3184 1701 3250 celsus
1744 3183 1929 3242 ahena

159 3266 426 3348 Sphinge
472 3286 582 3348 per
622 3272 891 3347 ingentes
933 3267 1312 3330 Homoloidas
1353 3276 1526 3327 exeat
1562 3266 1869 3328 Haemon?

297 3354 397 3414 Sic
439 3354 599 3415 rudis
634 3353 960 3433 Antigone,
1009 3353 1204 3414 senior
1248 3352 1341 3411 cui
1385 3351 1523 3411 talia
1566 3350 1861 3412 Phorbas:

160 3434 365 3498 ‘Mille
403 3439 763 3515 sagittiferos
805 3439 1039 3518 gelidae
1083 3438 1158 3500 de
1201 3435 1358 3497 colle
1404 3434 1707 3513 Tanagrae

248 3541 519 3586 s‘rA'rms
565 3542 637 3585 11.
1755 3517 1831 3578 10
