2517 3909
242 168 369 235 108
976 170 1038 225 Ρ.
1075 168 1357 225 PAPINII
1394 168 1638 226 STATII

241 316 459 384 Torua
502 312 807 383 Cleonaei
842 313 999 380 iuba
1044 314 1290 401 sideris,
1335 336 1494 381 exue
1538 317 1710 382 curis
1762 326 1768 332 ’

240 406 474 472 Pectus
521 407 589 469 et
634 403 908 469 assiduo.
941 406 1145 469 temet
1178 403 1396 469 furare
1441 405 1668 471 labori.
2085 469 2100 476 -

244 495 337 561 Et
383 497 604 560 sontes
650 492 864 576 operit
905 491 1247 577 pharetras
1285 514 1634 579 arcumque
1670 494 1955 560 retendit
2313 512 2389 563 30

241 582 541 669 Parthus,
587 583 655 649 et
698 581 876 647 Eleis
924 582 1154 668 auriga
1197 582 1533 648 laboribus
1581 586 1761 649 actos

242 672 499 759 Alpheo
542 670 902 756 permulcet
946 691 1166 757 equos,
1212 675 1280 737 et
1321 675 1548 737 nostra
1590 672 1854 738 fatescit

241 762 653 845 Laxaturque
698 759 951 845 chelys:
995 760 1169 825 uires
1214 760 1493 846 instigat
1536 761 1782 846 alitque

243 850 661 936 Tempestiua
704 849 916 934 quies!
990 850 1200 915 maior
1242 853 1399 935 post
1434 850 1571 916 otia
1613 837 1852 915 tfirtus!

242 940 422 1006 Talis
469 941 733 1004 cantata
773 936 1069 1004 Briseide
1113 938 1299 1004 uenit
1341 938 1632 1005 Achilles
2315 955 2388 1006 35

243 1030 474 1096 Acrior
518 1031 586 1093 et
628 1027 859 1113 positis
907 1028 1123 1112 erupit
1165 1028 1238 1092 in
1281 1026 1570 1093 Hectora
1612 1027 1897 1113 plectris.
1950 1109 1955 1113 ι

243 1118 336 1184 Te
382 1139 637 1203 quoque
681 1115 1044 1181 flammabit
1085 1117 1285 1182 tacite
1329 1117 1608 1201 repetita
1650 1137 1998 1203 parumper

245 1205 512 1274 Desidia
556 1208 623 1271 et
668 1205 896 1271 solitos
942 1226 1154 1271 nouus
1200 1203 1520 1271 exultabis
1564 1206 1636 1271 in
1680 1207 1882 1272 a'ctus.

245 1295 435 1364 Certe
480 1295 614 1360 iam
659 1292 887 1359 Latiae
930 1316 1064 1360 non
1110 1294 1388 1360 miscent
1431 1294 1645 1381 iurgia
1687 1295 1884 1381 leges,

242 1385 333 1452 Et
376 1405 605 1469 pacem
647 1383 835 1469 piger
878 1403 1085 1448 annus
1129 1382 1348 1468 habet,
1391 1405 1763 1470 messesque
1806 1403 2106 1449 reuersae
2315 1397 2390 1448 ω

245 1474 565 1541 Dimisere
611 1471 845 1538 forum.
934 1493 1055 1537 nec
1099 1473 1231 1537 iam
1276 1472 1397 1539 tibi
1443 1474 1639 1539 turba
1681 1494 1937 1539 reorum

245 1561 589 1629 Uestibulo
627 1560 1002 1647 querulique
1047 1565 1287 1649 rogmt
1332 1561 1506 1627 exire
1552 1563 1839 1628 clientes.

247 1651 478 1719 Cessat
521 1650 781 1716 centeni
824 1649 1220 1717 moderatrix
1262 1650 1493 1717 iudicis
1536 1651 1751 1737 hasta,
2062 1733 2087 1740 ι

248 1739 392 1817 Qua
432 1738 556 1806 tibi
601 1738 862 1805 sublimi
906 1739 1039 1805 iam
1083 1762 1256 1808 nunc
1295 1739 1713 1807 celeberrima
1756 1739 1931 1804 fama

246 1828 527 1914 Eminet,
572 1831 639 1893 et
682 1828 937 1894 iuuenis
981 1828 1288 1895 facundia
1332 1829 1642 1914 praeterit
1686 1849 1914 1894 annos.
2314 1842 2388 1892 45

246 1917 429 1984 Felix
474 1938 790 2001 curarum,
836 1918 939 1983 cui
982 1939 1116 1984 non
1160 1917 1504 1984 Heliconia
1548 1917 1726 1984 cordi
1898 1941 1909 1951 ·

249 2007 435 2075 Serta
479 2028 599 2074 nec
644 2006 918 2072 inbelles
962 2005 1238 2073 Parnasi
1285 2028 1320 2072 e
1366 2007 1609 2072 uertice
1651 2008 1895 2091 laurus,

250 2096 375 2164 Sed
418 2097 601 2184 uiget
642 2096 979 2182 ingenium
1026 2100 1094 2162 et
1135 2117 1413 2182 magnos
1460 2096 1783 2162 accinctus
1826 2095 1898 2159 in
1941 2114 2097 2159 usus

247 2185 404 2252 Fert
449 2185 705 2251 animus
752 2206 1189 2270 quascumque
1234 2185 1440 2250 uices:
1486 2206 1608 2251 nos
1655 2185 1792 2251 otia
1834 2183 2010 2249 uitae

252 2274 551 2342 Solamur
595 2276 790 2339 cantu
834 2276 1235 2360 uentosaque
1283 2273 1520 2360 gaudia
1565 2273 1781 2339 famae
2320 2285 2392 2338 60

253 2363 654 2442 Quaerimus.
746 2384 829 2427 en
874 2365 1133 2449 egomet
1178 2384 1477 2429 somnum
1522 2365 1590 2428 et
1628 2362 1888 2449 geniale
1935 2364 2193 2427 secutus

250 2452 455 2538 Litus,
497 2452 613 2517 ubi
660 2451 956 2518 Ausonio
1003 2473 1072 2517 se
1119 2452 1412 2518 condidit
1452 2451 1721 2537 hospita
1764 2454 1958 2537 portu

249 2540 679 2626 Parthenope,
722 2544 950 2607 tenues
994 2541 1235 2628 ignauo
1281 2541 1515 2626 pollice
1561 2539 1834 2607 chordas

250 2629 448 2696 Pulso
493 2628 911 2715 Maroneique
958 2629 1186 2696 sedens
1230 2631 1302 2695 in
1347 2629 1642 2715 margine
1685 2628 1916 2713 templi

251 2718 452 2785 Sumo
499 2719 789 2784 animum
837 2722 904 2784 et
947 2719 1170 2805 magni
1214 2719 1485 2784 tumulis
1531 2718 1808 2784 adcanto
1855 2717 2180 2804 magistri:
2319 2733 2391 2784 55

253 2808 348 2874 At
389 2812 484 2893 tu,
531 2808 586 2873 si
631 2807 814 2894 longi
860 2829 1118 2873 cursum
1163 2807 1348 2874 dabit
1392 2807 1677 2893 Atropos
1725 2807 1871 2874 aeui

252 2895 534 2985 (Detque
581 2893 878 2984 precorl)
926 2894 1224 2983 Latiique
1272 2896 1454 2963 ducis
1505 2897 1562 2962 si
1606 2897 1879 2962 numina
1917 2898 2209 2983 pergent,

394 3238 463 3290 30
500 3232 687 3305 aperit
721 3237 756 3285 c
792 3250 851 3300 a,
896 3246 1034 3288 corr.
1076 3237 1112 3288 ς
1158 3234 1178 3303 ΙΙ
1222 3237 1289 3286 31
1329 3231 1497 3286 Eleos
1549 3231 1760 3286 Markl.
1871 3236 1939 3287 32
1977 3230 2228 3301 Alpheos
2267 3237 2303 3284 c
2340 3250 2395 3302 a,

251 3321 388 3361 corr.
430 3324 466 3375 ς
500 3306 520 3375 ΙΙ
557 3310 626 3359 86
663 3303 894 3374 plectris
933 3308 970 3358 ς
1008 3320 1067 3358 ιε
1102 3302 1282 3374 postis
1316 3308 1355 3355 c
1389 3305 1410 3373 u
1444 3307 1513 3357 87
1549 3303 1739 3357 uzalim
1773 3320 1813 3387 p
1873 3302 2000 3358 cide
2022 3303 2046 3373 Ι
2072 3307 2141 3357 38
2178 3302 2394 3358 solidos

252 3382 287 3430 ο
311 3378 365 3446 ἰ,
403 3392 541 3433 corr.
565 3380 601 3431 ς
628 3377 649 3447 ΙΙ
675 3380 744 3429 42
781 3376 994 3446 negant
1008 3374 1379 3430 Burmannus
1398 3375 1423 3444 11
1450 3378 1518 3428 48
1555 3373 1743 3429 ”malim
1778 3390 1838 3429 m
1866 3375 2029 3429 actus
2055 3374 2076 3444 fl
2102 3377 2172 3428 49
2209 3372 2392 3446 uitae]

252 3447 381 3504 miti
419 3447 630 3504 Markl.
658 3449 679 3517 [1
707 3451 773 3502 57
813 3447 862 3502 si
900 3478 965 3487 ——
1003 3448 1243 3518 pergent
1281 3444 1523 3501 Μαθθάτ
1558 3445 1639 3499 sic
1675 3474 1747 3486 ——
1780 3446 2024 3516 pergant
2057 3448 2105 3498 Δ
2139 3450 2178 3497 c
2377 3467 2383 3476 ·
