2517 3909
950 166 1443 223 ACHILLEIDOS
1478 167 1541 223 L.
1580 170 1621 224 Ι.
2225 168 2307 232 13

359 313 594 379 Altera
639 314 913 380 consilio
962 317 1261 397 superest
1304 314 1688 400 tristemque
1734 315 1980 402 fatigat

273 402 448 469 Oura
495 403 716 489 deam,
760 408 989 469 natum
1035 404 1183 487 ipsa
1229 403 1375 469 sinu
1422 405 1760 489 complexa
1803 428 1922 490 per
1966 404 2171 470 undas

273 492 380 556 An
424 514 666 578 magno
715 492 982 558 Tritone
1027 493 1216 578 ferat,
1261 497 1576 559 ventosne
1624 495 1920 561 volucres

272 580 566 648 Advocet
612 605 697 647 an
741 583 976 668 pelago
1025 582 1294 648 solitam
1339 583 1821 650 Thaumantida
1864 585 2065 670 pasci.
2202 601 2307 650 220

271 670 476 737 Elicit
522 671 671 736 inde
716 671 904 738 fretis
952 675 1019 737 et
1063 672 1308 737 murice
1353 672 1572 738 frenat
1617 677 1809 739 acuto

270 759 639 844 Delphinas
685 760 966 847 biiugw,
1014 784 1177 847 quos
1221 761 1322 826 illi
1369 762 1655 828 maxima
1695 763 1938 846 Tethys

269 848 548 937 Gurgite
594 850 912 918 Atlanteo
956 851 1176 937 pelagi
1219 851 1341 916 sub
1388 852 1560 917 valle
1606 874 1845 918 sonora

272 940 640 1016 Nutrierat:
685 939 884 1005 nullis
930 939 1099 1005 vada
1143 962 1260 1024 per
1305 938 1637 1026 Neptunia
1682 941 1952 1024 glaucae

268 1030 519 1096 Tantus
563 1031 778 1096 honos
821 1029 1073 1095 formae
1118 1030 1446 1115 nandique
1482 1031 1782 1114 potentia
1814 1052 1934 1096 nec
1969 1031 2117 1114 plus
2203 1046 2306 1095 225

271 1119 565 1185 Pectoris
612 1119 912 1206 humani3
958 1119 1141 1184 iubet
1184 1119 1308 1185 hos
1356 1119 1710 1185 subsistere
1757 1120 1950 1204 pleno

269 1206 514 1291 Litore,
558 1230 641 1273 ne
685 1209 895 1273 nudae
940 1211 1216 1275 noceant
1262 1209 1566 1294 contagia
1610 1213 1842 1273 terrae.

269 1297 425 1382 Ipsa
471 1297 700 1362 dehinc
743 1300 887 1363 toto
932 1298 1295 1363 resolutum
1340 1301 1601 1381 pectore
1647 1297 1973 1364 Achillem

270 1382 428 1471 (Qui
473 1385 691 1469 pueris
740 1382 963 1473 sopor)
1009 1385 1363 1452 Haemonii
1408 1388 1485 1452 de
1531 1388 1800 1471 rupibus
1850 1388 2024 1454 antri

267 1475 371 1540 Ad
416 1475 710 1558 placidas
758 1474 1063 1559 deportat
1111 1498 1313 1560 aquas
1361 1479 1428 1540 et
1470 1476 1649 1542 iussa
1694 1479 1908 1542 tacere
2200 1492 2306 1543 230

267 1563 525 1629 Litora:
572 1568 896 1630 monstrat
936 1565 1063 1630 iter
1108 1568 1378 1649 totoque
1425 1566 1776 1651 effulgurat
1822 1566 1977 1631 orbe

270 1651 571 1737 Cynthia.
658 1652 1088 1738 Prosequitur
1133 1653 1354 1718 divam
1401 1655 1763 1739 celeresque
1807 1676 2109 1720 recursus

273 1740 549 1807 Securus
596 1742 812 1827 pelagi
856 1741 1100 1809 Chiron
1144 1745 1340 1829 rogat
1394 1743 1646 1828 udaque
1693 1744 1863 1809 celat

271 1830 550 1896 Lumina
595 1835 662 1896 et
706 1831 1014 1916 abreptos
1061 1831 1279 1898 subito
1324 1832 1458 1896 iam
1502 1833 1763 1918 iamque
1810 1832 2091 1898 latentes

268 1920 508 1986 Erecto
556 1923 935 2004 prospectat
982 1942 1166 2005 equo,
1212 1943 1343 2005 qua
1389 1943 1550 1986 cana
1594 1943 1943 2005 parumper
2201 1937 2305 1988 235

272 2007 595 2093 Spumant
639 2010 832 2094 signa
874 2010 1069 2094 fugae
1117 2014 1184 2074 et
1227 2009 1473 2095 liquido
1521 2010 1693 2094 perit
1739 2009 1957 2074 orbita
2002 2013 2226 2093 ponto,

270 2097 469 2163 Illum
516 2120 649 2163 non
696 2098 860 2163 alias
907 2098 1269 2163 rediturum
1315 2098 1398 2163 ad
1444 2098 1760 2164 Thessala
1805 2098 2048 2182 Tempe

266 2187 409 2253 Iam
455 2185 669 2252 tristis
714 2186 990 2271 Pholoe,
1034 2188 1168 2253 iam
1213 2189 1476 2254 nubilus
1522 2187 1800 2274 ingemit
1843 2187 2090 2271 Othrys

272 2275 363 2341 Et
410 2276 632 2342 senior
677 2273 1033 2360 Spercheos
1082 2276 1267 2362 aquis
1316 2277 1754 2361 speluncaque
1801 2276 1977 2343 docti

267 2364 457 2431 Muta
501 2365 702 2450 senis3
750 2370 1070 2450 quaerunt
1114 2366 1394 2450 puerilia
1437 2367 1725 2431 carmina
1768 2365 1978 2431 Fauni
2201 2382 2305 2431 240

268 2454 359 2520 Et
406 2457 672 2539 sperata
717 2456 827 2519 diu
871 2455 1138 2537 plorant
1181 2455 1459 2520 conubia
1503 2454 1873 2540 Nymphae.

267 2683 450 2753 yemis
476 2683 608 2737 haec
627 2682 793 2737 verba
819 2682 1055 2737 eaehibet:
1098 2682 1529 2754 ‘Componitque
1562 2682 1741 2752 nidos,
1771 2684 1970 2754 quibus
1999 2684 2154 2739 ansia
2181 2686 2308 2754 (sic)

269 2756 432 2808 natos
461 2751 705 2808 effovet.’
737 2754 758 2822 ΙΙ
784 2757 889 2806 218
938 2754 1210 2824 conplexa
1245 2760 1286 2806 P
1331 2756 1352 2826 ΙΙ
1397 2760 1500 2809 219
1539 2756 1809 2810 ventosne
1845 2760 1958 2808 ΔΗ
1999 2758 2308 2826 ventosque

269 2825 389 2880 edd.
418 2826 440 2895 ΙΙ
465 2824 599 2879 Post
615 2841 665 2879 v.
686 2828 805 2880 220
840 2825 905 2879 in
930 2832 956 2877 t
991 2842 1040 2879 v.
1069 2828 1184 2880 234
1217 2828 1466 2895 sequitur
1499 2842 1598 2881 ‘nec
1623 2830 1805 2881 tamen
1829 2843 1930 2882 suo
1959 2828 2073 2882 loco
2101 2829 2304 2883 omitti-

270 2901 396 2964 tur‚·
441 2911 628 2950 versus
663 2899 779 2951 221
818 2897 960 2951 deest
983 2896 1006 2965 u
1031 2901 1137 2950 222
1177 2896 1401 2968 biiugos
1437 2903 1520 2964 Pp
1538 2902 1624 2950 tn
1663 2896 1882 2967 biiuges
1909 2899 2117 2951 PcG²G
2154 2897 2309 2971 eddi}

270 2972 378 3022 224
433 2965 767 3037 Nutrigerat
810 2972 851 3019 P
903 2967 924 3036 ΙΙ
978 2972 1081 3022 226
1130 2966 1390 3038 Corporis
1441 2974 1492 3022 Η
1549 2972 1558 3038 Ι
1606 2968 1766 3024 iuuet
1801 2974 1842 3021 P
1895 2970 1916 3039 ss
1979 2974 2081 3024 228
2119 2969 2309 3039 Ipsum

275 3038 542 3093 Menkius
573 3041 581 3107 Ι
614 3055 845 3107 corpore
894 3038 1261 3105 Wakefieldus
1306 3037 1568 3094 Achillen
1603 3045 1644 3092 P
1682 3041 1702 3110 fl
1744 3046 1847 3095 229
1888 3039 2024 3107 Quis
2061 3046 2116 3094 n
2142 3041 2262 3096 edd.
2297 3040 2306 3114 1

269 3114 393 3164 vett.
434 3111 445 3178 Ι
485 3109 648 3179 pueri
675 3109 886 3163 G2GDt
937 3110 959 3180 ΙΙ
1012 3115 1118 3165 230
1155 3110 1233 3165 At
1267 3116 1308 3163 P
1349 3112 1371 3182 ΙΙ
1425 3116 1527 3166 231
1583 3110 1885 3181 effulgurat
1932 3117 1973 3164 P
2010 3110 2311 3180 effulgorat

272 3178 343 3232 (3²
355 3180 426 3233 Ρο
488 3181 674 3251 (prim.
729 3198 876 3237 man.
891 3223 910 3248 ,
965 3182 1143 3237 altera
1179 3200 1206 3236 s
1259 3187 1553 3252 super-scr.)
1607 3182 1895 3237 effulserat
1945 3187 2002 3235 Π
2073 3182 2312 3238 fulserat

275 3250 546 3322 Queckius
578 3253 600 3322 11
634 3258 738 3308 233
774 3253 927 3308 rotat
963 3258 1004 3305 P
1047 3254 1068 3322 ΙΙ
1103 3259 1216 3308 -239
1256 3253 1332 3309 Et
1368 3253 1552 3309 senior
1587 3260 1627 3306 P
1677 3253 1752 3309 Et
1778 3252 1964 3310 tenuis
2001 3256 2180 3311 ceteri.
2223 3252 2308 3322 cf.

270 3323 431 3390 infra
468 3322 556 3377 II
578 3327 686 3379 143
703 3340 812 3394 sqq.
840 3326 979 3391 (429
1006 3329 1144 3393 sqq.)
1193 3325 1358 3381 Theb.
1397 3325 1503 3378 IV
1533 3329 1648 3381 838
1672 3327 1696 3396 ΙΙ
1723 3330 1827 3379 240
1846 3323 2095 3381 Mestafl
2120 3325 2127 3398 Ι
2150 3326 2311 3381 Muta

273 3394 425 3521 {effi
451 3394 769 3522 qssegiffir
805 3395 1307 3522 {elri11i36fleinsius
1337 3413 1405 3452 ex
1441 3398 1598 3453 codd.
1615 3396 1890 3465 probante
1921 3397 2150 3453 Menkio
2187 3398 2307 3453 coll.
