2517 3909
341 112 463 176 258
989 127 1056 176 Ρ.
1097 127 1365 176 mmm
1408 127 1641 178 swa-1³11

343 284 613 348 Cominus
647 282 862 345 infandi
901 283 1071 362 leges
1111 283 1402 345 accedere
1439 285 1629 363 regni,
2234 295 2362 355 130

342 370 474 445 Quo
514 368 833 448 Rhodopes
876 386 992 428 non
1029 369 1150 430 ulla
1191 387 1403 446 nurus,
1445 388 1558 430 nec
1598 371 1825 431 alumna
1867 372 2054 431 nivosi

336 454 596 516 Phasidis
639 455 886 532 innuptis
921 453 1134 515 vallata
1178 454 1512 515 cohortibus
1550 455 1684 515 iret.

341 540 501 601 Tunc
539 548 735 599 movet
771 547 897 598 arte
940 537 1167 615 dolum,
1211 554 1327 617 quo
1369 548 1556 599 semet
1586 539 1658 600 ab
1688 539 1914 617 agmine
1946 539 2064 600 fido

340 627 665 702 Segi-eget,
700 624 1041 702 inmitesque
1079 623 1226 683 deos
1256 640 1575 702 regemque
1610 633 1908 685 cruentum

341 707 741 788 Contemptrix
781 708 1003 768 animae
1043 716 1107 768 et
1140 726 1351 785 magno
1388 711 1696 769 temeraria
1739 709 1895 769 luctu
2233 718 2356 778 185

336 795 656 862 Provocet;
697 792 996 852 hortantur
1034 793 1220 871 pietas
1260 795 1543 872 ignesque
1586 793 1801 872 pudici.

339 880 475 958 lpse
519 880 691 947 etiam
733 886 864 937 aute
901 876 1112 937 oculos
1154 880 1307 937 omni
1348 877 1683 941 manifestus
1724 879 1781 937 in
1824 887 1953 938 actu

337 964 505 1026 Nunc
540 961 758 1041 hospes
794 962 1076 1038 miserae,
1123 963 1334 1041 primas
1370 980 1521 1023 nuuc
1561 976 1811 1042 sponsus
1853 963 1925 1023 ad
1965 979 2125 1041 aras,

338 1047 505 1110 Nunc
540 1049 688 1108 mitis
727 1046 967 1123 coniux,
1007 1063 1160 1106 nunc
1198 1048 1310 1107 iam
1353 1047 1460 1107 sub
1502 1047 1730 1108 casside
1772 1055 1941 1108 torva

338 1132 602 1194 Moestus
639 1134 697 1192 in
731 1131 1002 1211 amplexu
1041 1131 1392 1211 multumque
1426 1149 1463 1193 a
1508 1132 1699 1192 limine
1740 1149 1961 1192 summo
2233 1145 2354 1200 190

339 1217 717 1297 Respiciens;
758 1217 863 1277 sed
903 1215 1058 1276 nulla
1096 1219 1284 1276 animo
1321 1216 1664 1276 obversatur
1705 1217 1897 1293 imago

340 1300 653 1377 Crebrior,
695 1301 868 1361 Aonii
902 1318 1070 1379 quam
1113 1318 1264 1380 quae
1307 1302 1380 1362 de
1424 1302 1699 1379 sanguine
1743 1302 1928 1378 campi

337 1386 504 1448 Nuda
546 1387 703 1445 veuit
739 1386 1044 1464 poscitque
1077 1403 1279 1463 rogos.
1358 1385 1460 1446 His
1499 1387 1665 1447 anxia
1707 1394 1952 1445 mentem

339 1471 652 1548 Aegrescit
694 1471 880 1545 curis,
926 1479 986 1529 et
1027 1471 1122 1548 qui
1161 1472 1515 1531 castissimus
1559 1471 1753 1546 ardor,

338 1555 532 1617 Funus
575 1562 749 1623 amat;
791 1563 929 1614 tuuc
970 1553 1043 1614 ad
1083 1557 1326 1615 comites
1372 1572 1657 1615 conversa
1693 1554 2004 1633 Pelasgas:
2230 1567 2346 1622 195

468 1639 660 1715 ‘Vos,
706 1640 816 1715 ait,
851 1637 1105 1700 Actaeas
1145 1641 1305 1700 acies
1345 1639 1814 1717 Marathoniaque
1856 1656 2010 1700 arma

339 1724 586 1799 Elicite,
632 1724 1002 1803 adspiretque
1046 1725 1143 1803 pio
1187 1723 1415 1785 fortuna
1459 1724 1664 1784 labori.

338 1809 433 1870 Me
472 1810 641 1870 sinite
682 1806 972 1886 Ogygias,
1017 1817 1209 1869 tantae
1249 1825 1401 1888 quae
1445 1809 1574 1869 sola
1612 1810 1812 1869 ruinae

341 1892 531 1956 Causa
563 1893 679 1969 fui,
724 1902 1033 1972 penetrare
1074 1893 1281 1953 domos
1322 1902 1382 1953 et
1422 1893 1657 1954 fulmina
1696 1895 1863 1970 regni
2444 1964 2453 1983 Ι

340 1979 525 2039 Prima
568 1979 715 2058 pati;
755 1996 866 2038 nec
905 1978 1077 2037 surda
1113 1978 1276 2038 ferae
1319 1978 1670 2057 pulsabimus
1712 1978 1874 2038 urbis
2222 1992 2338 2047 200
2444 2006 2453 2039 !

336 2064 583 2138 Limina,
621 2070 752 2122 sant
793 2061 918 2122 illic
959 2065 1153 2122 soceri
1184 2063 1321 2123 mihi
1362 2072 1606 2142 suntque
1649 2080 1888 2123 sorores

341 2145 652 2225 Coniugis,
703 2157 762 2207 et
806 2146 1036 2207 Thebas
1069 2147 1218 2209 haud
1251 2149 1569 2226 ignoranda
1611 2146 1837 2207 subibo.

342 2233 432 2293 Ne
476 2241 688 2292 tantum
731 2242 1007 2292 revocate
1046 2233 1290 2310 gradem
1336 2233 1449 2293 illo·
1479 2234 1709 2311 inpetus
1757 2233 1962 2310 ingens

338 2318 768 2395 Auguriumque
812 2318 1028 2377 animi?
1110 2316 1238 2377 Nec
1274 2317 1468 2396 plura,
1513 2334 1800 2396 unumque
1834 2317 2166 2395 Menoeten,

343 2401 491 2461 Olim
526 2401 621 2461 hic
661 2402 905 2479 virginei
949 2410 1146 2461 custos
1187 2403 1551 2481 monitorque
1593 2403 1854 2481 pudoris,
2215 2415 2327 2468 τεῶ

339 2485 549 2564 Eligit,
594 2494 652 2546 et
696 2503 1032 2564 quamquam
1073 2487 1233 2546 rudis
1270 2496 1444 2566 atque
1484 2488 1684 2564 ignara
1726 2487 1987 2547 lecerum

339 2570 698 2650 Praecipites
734 2588 1005 2648 gressus,
1051 2587 1162 2649 qua
1199 2579 1443 2631 venerat
1485 2569 1748 2646 Omitus,
1791 2572 2000 2632 aufert.

337 2654 532 2734 Atque
574 2653 670 2715 uhi
710 2657 834 2715 visa
876 2655 1083 2734 procul
1123 2657 1317 2716 socias
1356 2655 1596 2734 liquisse
1637 2655 1944 2716 malorum:

343 2739 565 2816 ‘Aune,
605 2741 709 2818 ait,
748 2739 991 2801 hostiles
1037 2756 1150 2817 ego
1193 2748 1252 2800 te
1294 2740 1529 2800 labente
1566 2758 1673 2819 per
1708 2756 1908 2818 agros,

337 2823 465 2885 Heu
508 2824 709 2884 dolor!
748 2834 1082 2903 expectem,
1129 2841 1409 2903 quaenam
1450 2825 1735 2885 sententia
1773 2825 1915 2884 lenti
2221 2838 2327 2895 210

342 2905 649 2970 Theseos?
692 2926 762 2967 au
800 2908 959 2968 bello
1002 2926 1320 2988 proceres,
1364 2926 1437 2969 sn
1477 2908 1691 2969 dexter
1723 2909 2018 2990 haruspex

341 2989 608 3053 Annuat?
646 2993 866 3052 interea
905 2993 1074 3053 funus
1119 2993 1448 3070 decrescit,
1484 3002 1544 3054 et
1583 2994 1749 3053 uncis

340 3076 593 3138 Alitihus
634 3094 748 3136 non
788 3077 897 3136 hos
935 3079 1126 3156 potins
1168 3076 1542 3157 supponimus
1576 3075 1779 3138 artus?

338 3162 417 3223 Et
457 3181 605 3222 nunc
643 3180 735 3222 me
777 3161 1007 3237 duram,
1047 3163 1097 3221 si
1139 3164 1266 3241 quis
1308 3163 1414 3223 tibi
1454 3180 1693 3240 sensus,
1737 3163 1809 3224 sd
1856 3161 2092 3224 umbras

339 3245 435 3306 Me
473 3246 690 3306 tardam
731 3247 999 3326 quereris
1039 3247 1289 3324 Stygiis,
1331 3247 1635 3324 fidissime,
1681 3248 1850 3308 divis.
2224 3260 2325 3313 215

339 3328 467 3389 Heu
507 3332 557 3388 si
600 3331 780 3391 nudus
822 3330 1036 3406 adhuc,
1081 3330 1195 3390 heu
1238 3334 1286 3390 si
1327 3332 1437 3392 iam
1479 3333 1633 3392 forte
1677 3332 1962 3413 sepultae,

338 3411 608 3473 Nostrum
650 3411 954 3501 utrumque
989 3414 1184 3486 nefas3
1229 3415 1379 3487 adeo
1421 3418 1510 3477 vis
1552 3417 1707 3480 nulla
1748 3417 1990 3494 dolenti,
