2517 3909
185 143 225 206 8
929 143 990 198 P.
1029 141 1305 198 PAPINII
1344 141 1584 197 STATII

185 287 459 373 Templa
504 287 906 372 superfulges
952 290 1019 352 et
1060 290 1476 371 prospectare
1521 286 1786 369 uideriS,

183 376 294 441 An
339 397 513 441 noua
557 377 945 461 contemptis
991 380 1266 461 surgant
1308 375 1554 459 palatia
1597 373 1874 439 flammis

182 465 542 550 Pulchrius,
587 488 672 530 an
715 465 918 530 tacita
962 465 1192 550 uigilet
1235 463 1377 529 face
1423 463 1693 529 Troicus
1737 463 1909 548 ignis

184 554 402 639 Atque
448 554 812 638 exploratas
856 554 990 618 iam
1034 553 1254 618 laudet
1289 551 1493 624 Uesta
1537 552 1889 618 ministras.

184 642 429 707 Dextra
473 647 654 708 uetat
696 643 933 728 pugnis
978 640 1269 708 Latium:
1315 641 1612 708 Tritonia
1655 641 1842 725 uirgo

184 730 337 796 Non
382 736 615 817 grauat
657 735 723 798 et
769 735 980 798 sectae
1024 731 1453 815 praetendens
1499 730 1667 795 colla
1709 728 2012 794 Medusae

186 818 320 885 Ceu
365 821 641 886 stimulis
689 819 982 886 accendit
1025 841 1289 904 equum3
1336 840 1456 883 nec
1502 817 1746 883 dulcior
1791 839 2064 903 usquam

183 908 380 975 Lecta
425 910 581 974 deae
629 909 826 976 sedes.
916 929 1036 973 nec
1081 909 1190 992 sic,
1235 911 1440 992 pater,
1485 908 1625 992 ipse
1670 910 1923 972 teneres

183 998 473 1083 Pectora,
518 1019 681 1084 quae
726 996 951 1063 mundi
995 997 1258 1062 ualeant
1304 998 1600 1062 euoluere
1647 1017 1852 1061 curas,

183 1086 310 1171 En,
356 1088 459 1152 eui
504 1109 572 1152 se
615 1087 773 1152 totis
821 1086 1090 1151 Temese
1135 1085 1314 1151 dedit
1356 1086 1593 1150 hausta
1615 1085 1932 1169 .meta11is,

183 1176 247 1240 It
290 1180 475 1262 tergo
522 1175 803 1241 demissa
845 1176 1107 1259 clamys.
1195 1176 1369 1240 latus
1415 1195 1568 1240 ense
1612 1173 1831 1258 quieto

186 1264 517 1348 Securum3
562 1284 839 1349 magnus
886 1268 1130 1348 quanto
1175 1284 1483 1328 mucrone
1529 1263 1814 1327 minatur

183 1353 503 1419 Noctibus
547 1353 837 1420 hibernis
884 1356 951 1417 et
994 1352 1205 1417 sidera
1248 1355 1452 1416 terret
1496 1349 1716 1418 Orion.

183 1442 277 1508 At
322 1443 581 1527 sonipes
626 1442 887 1508 habitus
922 1441 1314 1526 animosque
1358 1441 1650 1505 imitatus
1698 1442 2024 1524 equestres

182 1531 417 1596 Acrius
464 1531 708 1596 attollit
750 1532 969 1596 uultus
1017 1551 1401 1614 cursumque
1446 1529 1758 1613 minatur3

185 1619 305 1686 Cui
349 1620 570 1701 rigidis
618 1623 796 1685 stant
840 1619 1007 1684 colla
1049 1618 1221 1685 iubis
1267 1618 1583 1702 uiuusque
1628 1639 1743 1701 per
1788 1638 2001 1684 armos

184 1709 474 1793 Impetus
521 1713 587 1773 et
630 1708 835 1775 tantis
882 1707 1239 1773 calcaribus
1286 1707 1400 1774 ilia
1443 1707 1574 1774 late

187 1797 544 1866 Suffectura
588 1800 833 1882 patent.
921 1817 1164 1869 uacuae
1209 1818 1328 1880 pro
1376 1795 1616 1882 cespite
1661 1798 1873 1859 terrae

52 1870 57 1874 ’
183 1886 396 1951 Aerea
441 1886 681 1970 captiui
725 1885 968 1950 crinem
1012 1884 1167 1950 terit
1209 1885 1459 1970 ungula
1502 1883 1732 1952 Rheni.

184 1975 378 2040 Hunc
424 1979 489 2039 et
532 1974 890 2040 Adrasteus
934 1974 1147 2040 uisum
1194 1974 1599 2040 extimuisset
1645 1972 1865 2055 Arion,

184 2063 276 2129 Et
319 2068 517 2147 pauet
561 2063 882 2147 aspiciens
926 2061 1220 2128 Ledaeus
1269 2062 1351 2126 ab
1399 2061 1553 2126 aede
1598 2061 1967 2145 propinqua

186 2151 505 2236 Cyllarus.
595 2151 704 2216 hic
748 2151 992 2218 domini
1034 2172 1391 2235 numquam
1436 2150 1717 2215 mutabit
1764 2148 2058 2213 habenas

185 2240 542 2326 Perpetuus
588 2240 790 2305 frenis
836 2243 1031 2324 atque
1075 2240 1189 2305 uni
1234 2240 1473 2304 seruiet
1517 2242 1713 2304 astro,

185 2328 315 2394 Uix
361 2330 502 2394 sola
547 2328 892 2412 sufficiunt,
936 2329 1315 2412 insessaque
1359 2326 1643 2413 pondere
1688 2329 1874 2393 tanto

188 2417 424 2483 Subter
467 2418 734 2483 anhelat
775 2418 1039 2500 humus3
1084 2439 1205 2482 nec
1246 2417 1421 2481 ferro
1469 2419 1583 2481 aut
1627 2437 1802 2480 aere:
1847 2414 2153 2479 laborant

188 2504 322 2571 Sub
368 2507 588 2592 geni03
635 2510 856 2572 teneat
899 2506 1195 2591 quamuis
1242 2510 1506 2571 aeterna
1552 2504 1830 2590 crepid0,
1953 2519 1970 2525 ‘

2244 479 2312 529 35

2245 918 2315 972 40

2250 1806 2318 1857 50

2254 2249 2322 2298 55

328 2848 398 2896 33
455 2841 857 2913 superfulgens
899 2847 934 2893 c
966 2860 1017 2909 a,
1073 2856 1210 2895 corr.
1270 2844 1305 2894 ς
1340 2840 1361 2910 ΙΙ
1404 2845 1471 2894 37
1510 2855 1727 2910 pugnes
1763 2837 1965 2893 latium
2001 2842 2063 2907 c,
2111 2838 2327 2891 correxi

185 2915 302 2969 coll.
347 2913 507 2968 Theb.
550 2913 700 2967 XII
732 2916 875 2978 558,·
918 2928 1164 2981 pugnas3
1209 2910 1434 2965 laeuam
1471 2913 1507 2964 ς
1536 2928 1571 2962 ι.
1602 2912 1611 2977 Ι
1641 2908 1804 2980 uirgo
1843 2913 1905 2964 ςε
1954 2907 2127 2977 uulgo
2164 2912 2200 2959 c
2238 2926 2273 2960 a
2306 2907 2326 2979 ΙΙ

185 2990 253 3039 38
289 2984 610 3055 praetendit
647 2990 682 3036 c
718 3002 776 3052 a,
823 2999 962 3038 corr.
1002 2988 1038 3038 ς
1073 2984 1094 3053 ΙΙ
1129 2988 1199 3037 40
1236 2980 1319 3035 sic
1358 2986 1420 3036 ¹3:
1466 2980 1514 3035 si
1550 2986 1586 3033 c
1613 2999 1647 3033 a
1682 2981 1702 3051 ss
1740 2986 1808 3035 42
1847 2979 1934 3033 En
1973 2978 2064 3035 cui
2097 2980 2325 3048 scripsi.-

184 3056 260 3109 Et
295 3056 422 3138 quis
457 3060 505 3107 Δ
548 3055 625 3110 Et
660 3054 760 3126 qui
794 3060 830 3107 c
875 3054 951 3108 Et
986 3053 1078 3108 cui
1123 3052 1443 3108 Gronouius
1475 3051 1484 3122 Ι
1514 3052 1767 3107 themese
1804 3050 1963 3106 dedit
1995 3054 2066 3104 A:
2105 3049 2325 3105 themes

186 3126 366 3181 edidit
409 3132 444 3178 c
488 3129 510 3197 fl
552 3131 622 3181 43
668 3128 722 3181 It
765 3130 836 3179 A:
883 3125 960 3179 Et
1003 3129 1039 3176 c
1082 3126 1102 3194 ΙΙ
1147 3130 1217 3180 48
1262 3123 1538 3191 uiuusque
1575 3128 1637 3177 c:
1685 3120 2002 3190 nimiunque
2039 3139 2098 3187 ις
2135 3121 2327 3174 malim

184 3197 458 3268 uiuosque
501 3199 523 3268 ΙΙ
564 3202 634 3251 49
680 3202 824 3265 puto
876 3197 1018 3264 Imp.
1074 3197 1148 3263 it3
1201 3194 1378 3249 tanffis
1422 3196 1444 3264 ΙΙ
1487 3199 1555 3248 51
1609 3192 1793 3249 Aerea
1848 3191 2090 3247 Markl..·
2133 3193 2328 3246 Aenea

186 3275 222 3321 c
258 3287 293 3321 a.
338 3272 350 3338 Ι
397 3267 536 3324 terit
575 3268 938 3322 Bernartius:
979 3266 1128 3336 tegit
1170 3272 1206 3319 c
1234 3285 1270 3319 a.
1311 3268 1332 3335 u
1376 3271 1448 3320 54
1492 3265 1744 3320 mutauit
1775 3270 1810 3316 c
1837 3282 1900 3329 a,
1936 3279 2073 3318 corr.
2106 3266 2143 3316 ς
2188 3263 2209 3332 fl
2255 3266 2325 3316 55

183 3341 495 3464 Perpetuus
532 3344 591 3392 c:
628 3336 920 3406 Perpetuis
957 3341 994 3392 ς
1024 3356 1059 3390 ι.
1101 3339 1121 3407 ΙΙ
1167 3342 1235 3392 56
1272 3338 1396 3392 tato
1431 3341 1502 3390 A:
1546 3337 1671 3391 toto
1708 3340 1744 3387 G
1789 3337 1809 3404 ΙΙ
1853 3340 1921 3390 57
1959 3334 2187 3389 laborat
2223 3336 2260 3386 ς
2299 3332 2327 3403 ss

185 3416 253 3465 58
332 3427 363 3465 e
1961 3439 1964 3444 -

365 3410 402 3464 d
439 3407 605 3480 genio
642 3409 825 3463 Aldus
