2517 3909
794 144 1192 195 THEBAIDOS
1244 144 1385 195 LIB.
1433 145 1555 195 vn.
2045 135 2157 196 141

167 300 532 378 Maenalius,
575 299 768 361 tremit
810 318 958 361 ecce
995 299 1213 377 solum,
1260 309 1323 360 et
1361 302 1583 380 mugire
1622 300 1891 362 refractis
2098 311 2166 367 65

173 385 471 464 Corniger
502 383 733 446 Hebrus
775 386 971 464 aquis3
1015 395 1152 446 tunc
1190 385 1344 465 quod
1382 401 1567 465 pecus
1609 385 1750 446 utile
1794 385 1968 447 bellis

169 470 412 532 Vallem
449 468 793 548 infestabat,
837 469 1094 549 trepidas
1140 487 1408 549 spumare
1453 488 1562 549 per
1600 469 1838 547 herbas,

173 555 360 633 Signa
399 554 793 632 adventantis,
838 554 1192 634 clausaeque
1231 554 1530 615 adamante
1573 556 1817 635 perenni

172 638 506 700 Dissiluere
549 638 731 699 fores.
804 638 1074 715 Hyrcano
1118 640 1175 698 in
1210 640 1491 717 sanguine
1538 639 1784 719 pulcher

172 722 320 802 Ipse
364 722 517 784 subit
560 741 769 801 curru,
814 723 1055 804 diraque
1099 722 1454 801 adspergine
1492 723 1643 785 latos
2099 731 2169 786 70

173 806 360 869 Mutat
400 824 611 886 agros,
656 804 845 887 spolia
888 826 923 869 a
965 817 1138 886 tergo
1180 808 1506 887 flentesque
1553 818 1843 869 catervae.

174 891 334 953 Dant
379 892 563 953 silvae
598 892 813 973 nixque
858 893 973 955 alta
1017 893 1243 962 locum3
1287 895 1439 971 regit
1479 901 1603 954 atra
1644 893 1873 971 iugales

172 976 511 1055 Sanguinea
553 976 797 1040 Bellona
836 995 1004 1040 manu
1046 978 1341 1057 longaque
1384 977 1590 1055 fatigat

178 1058 471 1141 Cuspide3
516 1061 746 1140 diriguit
787 1065 917 1123 visu
957 1060 1224 1139 Cyllenia
1264 1062 1466 1141 proles

178 1145 576 1226 Submisitque
619 1164 833 1225 genas:
876 1147 989 1227 ipsi
1030 1147 1361 1208 reverentia
1406 1146 1578 1226 patri,
2101 1155 2170 1211 75

178 1231 247 1291 Si
290 1248 482 1311 prope
524 1231 633 1309 sit,
676 1231 984 1312 dematque
1037 1233 1218 1292 minas
1260 1249 1372 1292 nee
1415 1230 1551 1291 talia
1591 1229 1840 1291 mandet.
2206 1305 2209 1308 ¹

310 1315 507 1391 ‘Quod
547 1315 704 1377 Iovis
745 1318 1064 1396 imperium,
1108 1333 1317 1394 magno
1361 1315 1498 1395 quid
1535 1313 1608 1375 ab
1645 1315 1887 1376 aethere
1927 1312 2170 1393 portas?

179 1398 450 1479 Occupat
483 1402 864 1481 armipotens3
903 1418 1093 1481 neque
1136 1402 1288 1461 enim
1322 1400 1498 1476 hunc,
1528 1417 1828 1479 germane,
1861 1399 1970 1459 sub
2002 1407 2170 1459 axem

180 1486 411 1565 Sponte
451 1485 617 1545 venis
664 1484 1006 1565 hiemesque
1046 1502 1236 1562 meas,
1283 1486 1374 1546 cui
1415 1484 1649 1545 roscida
1686 1485 1842 1545 iuxta

179 1568 451 1631 Maenala
494 1578 553 1630 et
594 1571 800 1631 aestivi
844 1570 1186 1631 clementior
1222 1586 1362 1630 aura
1403 1568 1664 1645 Lycaei-⁹
1888 1603 1891 1606 ι
2100 1576 2172 1631 80

309 1653 419 1715 Ille
460 1653 650 1715 refert
694 1654 956 1715 consulta
999 1654 1198 1733 patris.
1287 1651 1416 1713 Nec
1459 1652 1633 1731 longa
1674 1662 1952 1730 moratus,

182 1739 350 1801 Sicut
387 1738 770 1815 anhelabant,
815 1739 1009 1798 iuncto
1047 1738 1261 1798 sudore
1304 1736 1571 1798 volantes

180 1822 340 1884 Mars
375 1823 603 1903 inpellit
644 1840 832 1903 equos
871 1822 1216 1902 residesque
1256 1824 1315 1881 in
1358 1821 1586 1901 proelia
1630 1821 1834 1883 Graios

182 1906 324 1988 Ipse
361 1909 531 1968 etiam
567 1907 888 1986 indignans.
971 1906 1129 1968 Vidit
1171 1915 1340 1986 pater
1383 1906 1533 1967 altus
1581 1916 1640 1967 et
1682 1939 1768 1952 ——-
1806 1905 1890 1964 ira

181 1991 305 2052 Iam
348 1992 536 2052 levior
574 2026 658 2039 —
699 1991 865 2053 tardo
912 1990 1190 2052 flectebat
1235 1990 1496 2072 pondere
1539 1990 1775 2051 vultum.
2103 1998 2174 2052 85

183 2075 266 2136 Ut
302 2078 350 2136 si
392 2076 619 2155 quando
653 2077 768 2137 ruit
806 2075 1247 2155 debellatasque
1286 2075 1523 2154 reliquit

185 2159 378 2221 Eurus
422 2178 636 2241 aquas,
681 2179 798 2240 pax
844 2162 973 2241 ipsa
1014 2169 1223 2238 tumet,
1270 2167 1619 2240 pontumque
1662 2160 1948 2218 iacentem

184 2243 485 2306 Exanimis
519 2247 631 2306 iam
670 2246 858 2307 volvit
895 2245 1109 2316 hiems;
1153 2246 1403 2308 nondum
1443 2262 1596 2305 arma
1642 2242 1852 2304 carinis

190 2327 426 2407 Omnia,
470 2348 584 2390 nec
625 2339 749 2392 toto
791 2332 1082 2411 respirant
1120 2338 1368 2409 pectore
1417 2337 1643 2390 nautae.

317 2412 572 2475 Finierat
611 2434 834 2495 pugnas
880 2415 1069 2477 honor
1113 2414 1439 2494 exequialis
1477 2415 1750 2489 inermes,
2107 2420 2178 2477 90

187 2498 450 2561 Necdum
487 2498 729 2561 aberant
768 2508 1005 2577 coetuS,
1050 2501 1392 2578 cunctisque
1432 2496 1735 2557 silentibus
1775 2496 1953 2557 heros

186 2584 338 2645 Vina
379 2585 511 2646 solo
550 2583 794 2647 fundens
837 2587 1091 2647 cluerem
1131 2583 1407 2663 placabat
1444 2581 1727 2642 Adrastus

188 2668 568 2731 Archemori:
617 2668 775 2748 ‘Da,
823 2687 1036 2750 parve,
1079 2678 1236 2729 tuum
1277 2664 1578 2728 trieteride
1619 2666 1793 2727 multa

188 2753 517 2815 Instaurare
560 2752 711 2815 diem
730 2800 749 2832 ,
792 2773 904 2815 nec
947 2754 1177 2815 saucius
1217 2752 1480 2813 Arcadas
1524 2768 1657 2812 aras

189 2836 357 2900 malit
392 2839 555 2901 adire
595 2838 813 2918 Pelops
853 2838 1153 2917 Elaeaque
1191 2837 1388 2917 pulset
1429 2834 1649 2898 eburna
2110 2845 2178 2900 95

192 2923 437 3003 Templa
476 2940 679 3001 manu,
722 2941 834 2984 nec
873 2921 1143 2985 Castaliis
1184 2919 1463 2983 altaribus
1505 2921 1731 2999 anguis,

191 3006 322 3070 Nec
364 3025 469 3069 sua
513 3008 778 3088 pinigero
817 3009 1002 3086 magis
1023 3006 1279 3068 ·adnatet
1318 3004 1517 3066 umbra
1559 3003 1852 3068 Lechaeo.

191 3091 319 3154 Nos
363 3101 421 3153 te
465 3092 717 3170 lugenti,
763 3110 941 3173 puer,
985 3091 1291 3152 infitiamur
1326 3089 1584 3166 Averno,

193 3175 884 3257 Moestaqueperpetuis
918 3176 1222 3237 sollemnia
1267 3175 1550 3253 iungimus
1586 3174 1779 3249 astris,

194 3260 364 3324 Nunc
405 3262 616 3323 festina
656 3262 889 3323 cohors.
968 3261 1047 3322 At
1088 3260 1139 3320 si
1179 3259 1425 3321 Boeotia
1464 3260 1626 3321 ferro
2079 3266 2183 3320 100

195 3346 448 3410 Vertere
492 3354 648 3408 tecta
690 3345 888 3426 dabis,
932 3345 1156 3424 magnis
1197 3353 1336 3406 tunc
1377 3343 1604 3423 dignior
1646 3342 1785 3416 aris,

197 3430 358 3496 Tunc
404 3432 579 3515 deus,
625 3428 888 3496 Inachias
923 3449 1036 3495 nec
1074 3439 1287 3495 tantum
1330 3428 1484 3499 culta
1529 3444 1641 3509 per
1676 3424 1854 3488 nrbes
