2517 3909
382 134 499 197 178
1034 151 1100 199 P.
1146 150 1416 200 ΡΑΡῙΝΠ
1457 152 1691 202 snm

374 306 624 368 Doricus
664 316 723 367 et
762 306 1011 368 tumidos
1047 305 1225 369 liceat
1267 325 1620 388 componere
1656 307 1913 371 fratres!

374 392 537 452 Talia
580 391 922 469 nectebant,
963 390 1154 452 subito
1201 412 1373 473 quum
1407 394 1573 473 pigra
1616 393 1856 456 tumultu

369 473 626 556 Expavit
668 475 899 554 domuS,
938 486 996 537 et
1033 475 1211 539 multo
1258 477 1473 538 sudore
1508 489 1789 559 receptus

371 560 584 622 Fertur
620 560 802 640 Atys,
849 580 1087 623 servans
1129 564 1369 623 animam
1408 563 1517 623 iam
1553 566 1831 642 sanguine
1873 563 2058 642 nullo,
2130 595 2136 599 ·

375 643 485 706 Cui
524 664 723 706 manus
760 648 818 707 in
853 645 1063 727 plaga,
1106 647 1400 727 dependet
1438 647 1706 727 languida
1747 649 1949 710 cervix
2288 663 2396 719 640

372 730 650 792 Exterior
692 731 887 811 clipeo
934 734 1243 813 crinesque
1286 751 1337 793 a·
1360 732 1554 793 fronte
1592 734 1800 813 supini.

498 816 683 878 Prima
716 818 878 878 videt
919 834 1225 897 caramque
1268 826 1525 878 tremens
1566 817 1797 879 Iocasta
1837 819 2091 881 vocabat

370 901 657 962 Ismenen.
736 900 999 982 Namque
1039 903 1157 962 'hoc
1201 902 1388 962 solum
1429 902 1767 963 moribunda
1811 914 2087 983 precatur

371 986 509 1047 Vox
547 989 783 1064 generi,
831 988 1018 1049 solum
1062 987 1177 1048 hoc
1220 986 1433 1065 gelidis
1473 988 1585 1047 iam
1627 1004 1837 1048 nomen
1875 990 2092 1050 inerrat

371 1071 681 1133 Faucibus.
759 1072 1103 1133 Exclamant
1142 1071 1429 1149 famulae,
1474 1072 1723 1133 tollebat
1759 1074 1817 1132 in
1862 1090 1966 1135 ora
2289 1086 2391 1145 645

372 1157 559 1236 Virgo
602 1175 833 1235 manus,
874 1159 1055 1217 tenuit
1100 1175 1314 1217 saevus
1358 1157 1577 1235 pudor;
1624 1166 1874 1217 attamen
1914 1161 2002 1219 ire

373 1240 649 1320 Cogitur,
695 1242 956 1319 indulget
1002 1259 1278 1301 summum
1314 1240 1431 1301 hoc
1468 1240 1698 1302 Iocasta
1738 1243 1969 1321 iacenti,

373 1325 755 1406 Ostenditque
798 1327 1104 1405 offertque.
1194 1324 1415 1400 Quater
1454 1326 1565 1386 iam
1607 1336 1794 1387 morte
1839 1327 1944 1388 sub
1984 1328 2115 1409 ipsa

372 1411 464 1473 Ad
503 1429 713 1488 nomen
755 1413 913 1471 visus
956 1410 1304 1489 deiectaque
1344 1410 1572 1470 fortiter
1616 1428 1719 1471 ora

371 1496 644 1564 Sustulit;
689 1496 844 1555 illam
887 1514 1053 1555 unam
1096 1495 1373 1573 neglecto
1413 1495 1623 1555 lumine
1666 1496 1821 1556 coeli
2285 1513 2393 1567 650

369 1581 635 1660 Adspicit
680 1589 737 1640 et
775 1580 935 1640 vultu
974 1598 1090 1640 non
1134 1580 1422 1641 exatiatur
1461 1587 1675 1641 amato.

372 1664 534 1726 Tunc
580 1666 713 1745 quia
748 1683 859 1725 nec
901 1667 1172 1743 genetrix
1212 1665 1368 1724 iuxta
1412 1665 1756 1745 positusque
1799 1663 1973 1727 beata

367 1749 557 1811 Morte
598 1759 800 1829 pater,
841 1768 1095 1830 sponsae
1137 1767 1340 1809 munus
1386 1749 1719 1810 miserabile
1761 1749 2011 1828 tradunt,

369 1835 683 1896 Declinare
726 1853 937 1913 genas;
983 1834 1064 1895 ibi
1108 1833 1333 1896 demum
1378 1842 1531 1893 teste
1574 1843 1801 1894 remoto
2484 1903 2485 1910 ἵ

368 1919 551 1982 Fassa
593 1921 724 1998 pios
765 1919 1013 1998 gemitus
1054 1918 1440 1997 lacrimasque
1482 1920 1539 1977 in
1578 1918 1792 1979 lumina
1831 1918 1995 1979 fudit.
2279 1934 2383 1989 655

496 2003 760 2082 Dumque
806 2023 875 2064 ea
914 2022 1022 2082 per
1061 2001 1329 2080 ThebaS,
1377 2002 1504 2064 aliis
1557 2002 1923 2083 serpentibus
1968 2005 2189 2065 ardens

367 2088 445 2151 Et
484 2088 616 2149 face
653 2097 865 2149 mutata
904 2088 1121 2148 bellum
1162 2086 1490 2165 integrabat
1529 2086 1718 2164 Enyo.

368 2174 544 2234 Arma
587 2173 817 2250 volunt,
859 2173 1077 2252 primos
1112 2172 1292 2231 veluti
1330 2172 1503 2233 modo
1553 2171 1812 2233 cominus
1853 2172 2003 2231 ictus

369 2258 717 2321 sustulerint
760 2259 1058 2337 omnisque
1104 2259 1408 2316 etiamnum
1452 2257 1648 2318 luceat
1691 2258 1866 2317 ensis.

365 2343 596 2404 Eminet
638 2341 922 2420 OenideS‚
965 2343 1223 2421 quamvis
1267 2350 1327 2400 et
1370 2341 1647 2402 arundine
1687 2350 1848 2402 certa
2270 2354 2384 2411 660
2484 2391 2485 2432 ᾖ

365 2427 839 2507 Parthenopaeus
877 2435 1045 2508 agat,
1088 2427 1546 2504 morientumque
1592 2441 1694 2487 ora
1736 2425 1949 2488 furenti

364 2513 771 2592 Hippomedon
812 2512 1121 2593 proculcet
1165 2527 1351 2591 equo,
1400 2507 1789 2592 Capaneaque
1832 2510 2004 2611 pinus

365 2596 484 2658 Iam
527 2597 736 2690 procul
776 2597 983 2657 Aoniis
1024 2595 1188 2657 volet
1228 2594 1602 2673 agnoscenda
1646 2597 1915 2657 catervis.

491 2675 727 2758 Tydeos
769 2681 872 2741 illa
916 2681 1072 2751 dies;
1115 2680 1275 2740 illum
1316 2678 1656 2760 fugiuntque
1701 2687 2065 2758 tremuntque

367 2764 754 2827 clamantem.
798 2763 966 2839 ‘Quo
1005 2776 1171 2843 terga
1211 2762 1401 2825 datis?
1444 2764 1586 2825 licet
1628 2783 1774 2826 ecce
1809 2771 2158 2845 peremptos
2267 2777 2379 2833 665

362 2850 586 2912 Ulcisci
616 2850 813 2909 socios
856 2858 1255 2928 moestamque
1295 2849 1623 2928 rependere
1668 2859 1917 2910 noctem.

362 2934 473 2998 llle
520 2951 635 3012 ego
674 2932 985 3013 inexpletis
1029 2934 1193 2994 solus
1239 2934 1337 3014 qui
1377 2934 1653 2995 caedibus
1697 2934 1862 2996 hausi

367 3015 791 3099 Quinquaginta
826 3019 1074 3095 animas,
1119 3017 1362 3079 totidem
1399 3018 1753 3099 totidemque
1787 3022 2020 3097 gregati

364 3104 542 3166 Ferte
583 3120 802 3164 manus.
894 3099 1126 3163 Nulline
1169 3109 1402 3182 patres,
1442 3104 1659 3164 nulline
1702 3104 1989 3164 iacentum

365 3189 627 3249 Unanimi
667 3183 920 3249 fratres?
963 3204 1111 3266 quae
1145 3195 1302 3247 tanta
1348 3186 1565 3249 oblivia
1609 3185 1841 3248 luctus?
2262 3198 2375 3256 670

370 3271 554 3345 Quam
593 3272 772 3353 pudet
813 3270 1079 3331 Inachias
1122 3281 1448 3331 contentum
1489 3272 1705 3332 abiisse
1751 3269 2060 3354 Mycenas}

366 3353 514 3415 Hine
559 3375 737 3436 super
776 3351 1037 3416 Thebis?
1081 3354 1228 3415 haec
1265 3355 1480 3417 robora
1525 3353 1726 3435 regis?
1765 3355 1863 3416 ubi
1903 3366 2093 3420 autem

369 3435 659 3517 Egregius
704 3440 820 3500 dux
862 3439 962 3500 ille
1005 3436 1216 3499 mihi?’
1286 3440 1478 3501 Simul
1524 3442 1726 3503 ordine
1770 3441 1944 3503 laevo
