2517 3909
304 197 388 262 26
970 212 1035 259 P.
1059 209 1347 261 rarum
1391 209 1637 263 snm·

301 371 494 447 Ignis,
537 377 597 429 et
638 369 697 431 in
737 376 918 430 totum
954 378 1233 447 regnaret
1274 367 1461 431 Sirius
1495 389 1719 432 anuum.
2194 380 2303 437 635
2374 389 2381 394 ·

302 455 465 520 Idem
507 462 711 515 auctor
754 454 947 515 Paean
988 471 1192 515 rursus
1229 455 1393 515 iubet
1430 456 1520 516 ire
1560 466 1821 517 cruento‘

301 538 547 600 Inferias
585 548 844 600 monstro
888 540 1162 617 iuvenes,
1203 540 1302 619 qui
1342 540 1527 601 caede
1565 542 1756 620 potiti.

272 623 618 686 Fortunate
659 624 826 684 animi
873 623 1225 705 longumque
1267 625 1326 685 in
1369 625 1606 686 saecula
1644 627 1825 704 digne
1856 643 1861 652 ·

301 710 694 770 Promeriture
736 708 914 769 diem!
955 726 1070 769 non
1114 718 1173 770 tu
1218 710 1317 789 pia
1352 710 1623 788 'degener
1666 727 1820 771 arma

305 793 579 871 occulis,
627 802 724 854 aut
767 802 965 855 certae
1016 795 1276 873 trepidas
1320 808 1637 855 occurrere
1681 794 1869 856 morti.
2192 802 2305 858 *640

307 878 581 941 Cominus
627 896 731 940 ora
768 879 965 939 ferens
1011 875 1294 954 cyrrhaei
1334 880 1391 939 in
1434 879 1627 940 limine
1673 873 1873 959 templi

306 962 610 1042 Constitit,
663 973 722 1024 et
763 979 965 1025 sacras
1005 964 1083 1024 ita
1115 963 1365 1025 vocibus
1403 974 1642 1043 asperat
1684 966 1833 1025 iras:

434 1048 592 1109 ‘Non
625 1048 870 1138 missus,
911 1047 1310 1127 Thymbraee,
1355 1057 1487 1110 tuos
1518 1049 1843 1130 supplexve
1880 1057 2127 1129 penates

304 1134 605 1197 Advenio:
643 1149 774 1193 mea
813 1151 906 1194 me
949 1134 1142 1213 pietas
1185 1142 1265 1195 et
1290 1135 1526 1197 conscia
1569 1136 1751 1195 virtus

303 1220 423 1281 Has
469 1235 651 1298 egere
693 1219 837 1279 vias.
901 1216 1034 1296 Ego
1079 1233 1236 1295 sum,
1277 1220 1374 1300 qui
1415 1219 1596 1280 caede
1630 1217 1863 1297 subegi,
2195 1227 2302 1283 645

304 1302 577 1381 Phoebe,
621 1312 779 1364 tuum
818 1303 1064 1364 mortale
1106 1303 1315 1381 nefas,
1362 1321 1534 1383 quem
1576 1302 1822 1364 nubibus
1872 1303 2011 1388 atris

305 1388 384 1451 Et
431 1388 738 1470 squalente
781 1387 906 1466 die,
952 1389 1114 1467 nigra
1155 1403 1325 1467 quem
1369 1388 1506 1450 tabe
1541 1389 1754 1449 sinistri

309 1473 590 1549 Quaeris,
637 1473 864 1553 inique,
910 1472 1052 1552 poli.
1132 1471 1358 1547 Quodsi
1400 1482 1683 1534 monstra
1695 1473 1879 1535 effera
1924 1472 2148 1592 magnis

308 1557 459 1621 Cara
496 1557 644 1619 adeo
690 1558 918 1637 superis
953 1558 1291 1638 iacturaque
1333 1558 1506 1619 vilior
1549 1557 1732 1635 orbis,

304 1642 466 1705 Mors
494 1642 818 1719 homiuum,
866 1651 926 1703 et
964 1659 1146 1703 saevo
1180 1650 1336 1704 tanta
1364 1643 1734 1704 inclementia
1766 1641 1939 1702 coelo
1969 1651 2083 1718 est,
2190 1652 2304 1708 650

307 1728 461 1804 Quid
501 1745 771 1788 meruere
817 1725 1006 1806 Argi?
1041 1745 1172 1805 me,
1216 1746 1342 1804 me,
1380 1727 1571 1789 divum
1614 1729 1865 1807 optime,
1894 1726 2097 1788 solum

309 1812 615 1875 obiecisse
653 1821 827 1893 caput
869 1813 1002 1875 fatis
1038 1812 1383 1892 praestabit.
1468 1811 1562 1872 An
1600 1812 1743 1873 illud

306 1898 470 1961 Leue
500 1898 687 1978 magis
732 1899 930 1975 cordi,
971 1897 1126 1978 quod
1168 1896 1433 1959 desolata
1467 1897 1770 1957 domorum

309 1984 493 2045 Tecta
529 1983 734 2060 videS,
779 1983 1017 2062 ignique
1058 1982 1208 2043 datis
1251 1980 1572 2058 cultoribus
1616 1981 1800 2043 omnis

306 2068 490 2131 Lucet
527 2064 713 2146 ager?
752 2068 873 2129 Sed
916 2067 1052 2147 quid
1085 2065 1260 2128 fando
1305 2076 1400 2130 tua
1442 2051 1561 2127 tela
1598 2083 1913 2146 manusque
2180 2076 2310 2132 ›655

308 2150 644 2215 Demoror?
679 2159 994 2232 expectant
1030 2161 1245 2213 matres
1285 2167 1672 2231 supremaque
1716 2150 1977 2212 fundunt

308 2238 463 2299 Vota
499 2236 653 2298 mihi.
728 2238 883 2298 Satis
925 2241 1046 2297 est:
1092 2238 1315 2313 merui,
1353 2251 1427 2297 ne
1469 2253 1718 2316 parcere
1742 2236 1968 2297 velles.

311 2323 561 2385 Proinde
597 2335 769 2382 move
812 2321 1132 2402 pharetras
1143 2335 1440 2400 ¹mutusque
1483 2322 1747 2383 intende
1742 2337 2006 2384 Nsonoros

311 2408 718 2487 Insignemque
764 2407 1005 2486 animam
1048 2406 1170 2468 leto
1211 2406 1476 2477 demitte;
1520 2407 1625 2467 sed
1660 2406 1819 2467 illum
1964 2415 1969 2420 ’

311 2492 565 2554 Pallidus
608 2490 855 2553 Inachiis
894 2492 1022 2571 quis
1067 2490 1324 2571 desuper
1365 2492 1600 2553 inminet
1641 2490 1841 2569 Argis,
2197 2498 2306 2555 660

310 2578 460 2639 Dum
502 2576 751 2654 morior,
795 2576 1032 2656 depelle
1071 2575 1358 2655 globum?
1416 2569 1570 2637 Fors
1604 2590 1801 2658 aequa
1836 2584 2131 2637 merentes

312 2663 596 2743 Respicit.
684 2661 1000 2722 Ardentem
1046 2663 1226 2722 tenuit
1269 2663 1599 2722 reverentia
1644 2658 1843 2720 caedis
1948 2685 1955 2692 ·

308 2747 639 2823 Latoidem,
679 2747 1017 2825 tristemque
1054 2747 1182 2806 viro
1227 2745 1546 2807 submissus
1586 2744 1869 2807 honorem

309 2832 577 2910 Largitur
617 2831 802 2901 vitae;
847 2838 1049 2892 nostro
1087 2830 1238 2892 mala
1277 2821 1472 2892 nubila
1508 2829 1685 2891 coelo

308 2918 662 2996 Diffugiunt:
705 2924 770 2976 at
796 2924 857 2977 tu
902 2916 1211 2998 stupefacti
1245 2933 1279 2976 a
1318 2916 1511 2977 limine
1552 2915 1774 2977 Phoebi
1848 2937 1853 2940 ⁵
2198 2925 2305 2982 665

190 3026 196 3033 ·
309 3002 603 3064 Exoratus
649 2999 791 3061 abis.
882 2998 1021 3061 Inde
1054 2993 1203 3062 haec
1241 3009 1392 3061 stata
1433 3016 1599 3062 sacra
1644 3001 1950 3080 quotannis

312 3088 644 3150 sollemnes
686 3085 956 3148 recolunt
1002 3084 1243 3165 epulae,
1285 3084 1696 3166 Phoebeiaque
1742 3086 1941 3165 placat

315 3172 558 3252 Templa
599 3179 844 3232 novatus
880 3170 1089 3232 honos.
1176 3169 1298 3231 Has
1341 3171 1494 3231 forte
1534 3172 1779 3231 invisitis
1822 3187 1952 3231 aras

310 3257 437 3317 Vos
483 3274 632 3335 quae
675 3252 1034 3336 progenies?
1079 3272 1417 3335 quamquam
1458 3252 1814 3331 Calydonius
1856 3244 2113 3330 Oeneus,

314 3340 390 3402 Et
433 3340 843 3420 Parthaoniae,
893 3339 1103 3400 dudum
1147 3340 1196 3398 si
1242 3347 1435 3400 certus
1471 3340 1544 3400 ad
1589 3347 1761 3400 aures
2018 3379 2023 3382 -
2195 3345 2306 3403 670

319 3422 554 3486 Clamor
594 3426 692 3504 iit,
721 3424 831 3485 tibi
867 3427 991 3485 iura
1026 3424 1258 3492 domus;
1304 3431 1364 3504 tu
1407 3425 1634 3503 pande,
1678 3424 1807 3504 quis
1849 3422 2049 3499 Argos

247 3507 260 3522 “
321 3509 650 3589 AdveniaS,
700 3507 930 3589 quaudo
965 3506 1115 3568 haec
1154 3508 1333 3568 variis
1378 3509 1739 3570 sermonibus
1783 3508 1927 3572 hora
1970 3511 2115 3568 est.’
