2517 3909
267 184 403 255 154
977 184 1061 239 r.
1097 183 1376 241 PAPmu
1413 182 1656 241 snm

1287 364 1369 432 V.

758 486 1155 545 EPICEDION
1201 487 1285 543 IN
1330 487 1636 545 PUERUM
1682 488 1900 546 SUUM.

258 600 367 668 Me
412 600 747 666 miserum!
795 621 1006 685 neque
1053 599 1226 664 enim
1271 598 1490 664 uerbis
1539 599 1965 666 sollemnibus
2010 600 2147 666 ulla

258 690 577 776 Incipiam
620 711 797 754 nunc
843 685 1172 754 Castaliae
1216 687 1552 754 uocah'bus
1597 687 1792 754 undis

256 779 521 845 Inuisus
567 777 958 864 Phoeboque
1006 778 1244 862 grauis.
1310 798 1476 864 quae
1520 781 1759 861 uestra,
1806 798 2080 862 sorores,

256 868 477 955 Orgia,
521 866 791 953 Pieriae,
838 888 1001 953 quas
1047 867 1512 932 incestauimus
1561 867 1754 932 aras?

255 956 490 1043 Dicite,
534 960 690 1042 post
732 977 1013 1042 poenam
1057 955 1252 1022 liceat
1297 956 1644 1022 commissa
1688 956 1898 1022 fateri.
2383 970 2419 1022 5

254 1045 590 1133 Numquid
634 1045 966 1113 inaccesso
1010 1045 1203 1129 posui
1246 1044 1529 1132 uestigia
1571 1046 1764 1112 luco?
1970 1099 1975 1104 .

253 1134 432 1202 Num
477 1134 684 1204 uetito
722 1135 800 1200 de
844 1134 1028 1201 fonte
1071 1133 1253 1202 bibi?
1301 1155 1466 1219 quae
1513 1134 1721 1220 culpa,
1758 1135 1902 1222 quis
1950 1155 2153 1219 error,

256 1225 461 1303 Quem
504 1224 764 1310 luimus,
807 1221 1076 1290 tantus?
1149 1223 1577 1298 morientibus
1624 1245 1768 1290 ecce
1811 1223 2075 1290 lacertis

217 1361 224 1366 -
254 1313 558 1380 Uiscera
573 1316 805 1380 nostra
847 1315 1075 1379 tenens
1123 1311 1536 1414 animamque
1583 1312 1889 1380 auellitur
1932 1311 2177 1398 infans,
2342 1397 2355 1403 -

251 1402 409 1470 Non
447 1403 524 1468 de
572 1402 775 1489 stirpe
818 1405 1088 1487 patrum
1124 1423 1247 1467 nec
1293 1401 1432 1490 qui
1448 1423 1596 1468 mea
1638 1403 1910 1470 nomina
1944 1402 2147 1472 ferret
2333 1421 2418 1488 ‚10

253 1491 538 1578 Oraque3
582 1513 720 1558 non
762 1490 1016 1558 fueram
1061 1490 1339 1577 genitor,
1386 1481 1500 1556 sed
1543 1492 1785 1560 cernite
1812 1492 2023 1558 fletus
2170 1522 2177 1528 ·

251 1578 685 1667 Liuentesque
731 1600 933 1666 genas
981 1584 1049 1645 et
1093 1580 1335 1646 credite
1374 1580 1782 1665 planctibus:
1830 1581 2048 1666 orbus,

253 1668 468 1736 Orbus
515 1690 657 1756 ego.
745 1669 874 1736 huc
917 1673 1140 1755 patres
1186 1673 1253 1734 et
1299 1672 1527 1754 aperto
1571 1673 1835 1755 pectore
1878 1674 2127 1736 matres

250 1757 696 1843 conueniant3
743 1758 987 1825 crinem
1032 1758 1282 1843 capulis
1330 1762 1396 1822 et
1441 1758 1745 1828 cinnama
1766 1759 1983 1845 ferto,

252 1847 324 1915 Si
370 1871 499 1935 qua
545 1849 666 1914 sub
712 1847 1019 1914 uberibus
1065 1847 1276 1932 plenis
1323 1847 1427 1916 ad.
1451 1846 1682 1916 funera
1725 1851 1920 1916 natos
2336 1865 2417 1916 15

247 1936 403 2024 Ipsa
447 1938 655 2024 gradu
699 1937 964 2003 labente
1008 1935 1165 2002 tulit
1205 1935 1663 2038 madidumque
1711 1936 1940 2003 cecidit

247 2026 482 2093 Pectus
530 2031 599 2094 et
641 2025 942 2093 ardentes
986 2025 1294 2094 restinxit
1332 2024 1537 2094 lacte
1550 2025 1842 2112 fauillas3
1948 2059 1953 2065 ·
2022 2095 2027 2100 ,
2126 2099 2133 2103 ,

248 2115 559 2203 Quisquis
606 2114 817 2181 adhuc
860 2117 1123 2182 tenerae
1170 2114 1503 2200 signatum
1548 2114 1723 2180 flore
1748 2116 2058 2181 iuuentae
2190 2177 2197 2184 .

245 2204 580 2271 Immersit
624 2204 827 2269 cineri
870 2204 1171 2269 iuuenem
1215 2203 1551 2289 primaque
1593 2203 1871 2274 iacentis

247 2292 517 2379 Serpere
565 2291 842 2359 crudelis
886 2290 1054 2358 uidit
1095 2291 1407 2377 lanugine
1434 2292 1767 2377 flammas,
1986 2323 1993 2328 ·
2334 2313 2415 2363 20

245 2383 440 2449 Adsit
484 2386 552 2448 et
594 2382 849 2448 alterno
897 2402 1151 2446 mecum
1196 2380 1477 2448 clamore
1522 2380 1815 2450 fatiscat:

244 2471 563 2538 Uincetur
605 2470 910 2554 lacrimis,
956 2473 1024 2534 et
1067 2474 1151 2553 te,
1179 2467 1467 2554 Natura,
1508 2465 1802 2554 pudebit.
2024 2525 2031 2559 :

244 2560 460 2627 Tanta
505 2559 667 2625 mihi
710 2558 955 2643 feritaS,
999 2561 1187 2624 tanta
1232 2561 1334 2623 est
1376 2558 1636 2624 insania
1662 2558 1912 2630 luctus.
1942 2621 1947 2630 .

383 2877 452 2935 V.
520 2885 549 2933 1
588 2877 731 2948 ulla]
769 2875 920 2931 ultra
952 2874 1256 2939 Barthiws;
1289 2873 1423 2928 ullis
1464 2874 1699 2945 Peyrar.
1726 2877 1746 2946 11
1773 2882 1805 2931 2
1854 2894 2005 2933 nunc
2042 2877 2408 2936 scr-tumus.-

238 2966 345 3006 nec
381 2955 418 3002 0
455 2951 595 3019 ..18
631 2949 823 3004 tantus
859 2947 1208 3003 Politianue.
1243 2944 1419 3001 tantis
1454 2950 1490 2998 0
1518 2964 1554 2999 a
1582 2945 1593 3017 1
1625 2946 1850 3004 lacertis
1886 2954 2015 3004 5⁸.
2053 2949 2295 3006 lacescit
2320 2952 2408 3006 Δ*

239 3018 873 3101 lacestisuellateecis,
905 3020 1027 3074 eim.
1066 3019 1209 3087 0119
1247 3015 1546 3084 animaque
1584 3022 1620 3070 0
1657 3036 1709 3084 a,
1728 3034 1887 3075 corr.
1922 3022 2006 3076 ed
2049 3020 2246 3078 Parm.
2277 3024 2407 3093 1110

281 3095 469 3147 atrum
501 3092 732 3159 norqm':
774 3062 1004 3160 qmdem
1050 3093 1086 3140 0
1119 3106 1159 3142 a
1209 3089 1230 3158 11
1285 3093 1353 3142 12
1401 3088 1569 3142 orbus
1586 3090 1835 3170 scripsi:
1877 3091 2004 3146 orbi
2041 3097 2078 3144 0
2112 3111 2152 3146 a
2188 3094 2407 3151 orbum

237 3110 511 3218 &einaim
537 3161 891 3245 planctibus,
938 3160 1089 3217 orbi.
1127 3158 1341 3215 Maru.
1368 3159 1391 3227 11
1417 3164 1485 3213 14
1520 3158 1735 3215 crinem
1771 3161 1992 3231 capulis
2030 3165 2093 3219 et
2128 3164 2409 3223 cinnama

237 3235 467 3303 scripsi.-
501 3232 861 3303 cineremque
898 3231 1077 3289 oculis
1111 3232 1173 3285 et
1207 3228 1444 3283 crimina
1467 3233 1516 3283 Δ
1542 3234 1579 3282 0
1606 3230 1939 3301 crinemque
1975 3234 2131 3304 rogis
2168 3237 2232 3291 et

238 3304 394 3360 mina
428 3304 701 3360 Heinsius
744 3305 1039 3385 crinesque
1084 3299 1238 3370 rogis
1288 3302 1349 3353 et
1391 3316 1627 3358 munera
1664 3303 1882 3359 Mar-kl.
1914 3309 1926 3368 1
1956 3305 2109 3361 ferto
2148 3306 2404 3364 Politia-

237 3392 371 3431 nus·
402 3376 552 3433 ferte
590 3381 626 3428 0
664 3377 744 3446 ..11
772 3382 838 3432 1‘1
875 3371 1166 3431 restrinxit
1199 3370 1238 3424 1.
1277 3370 1518 3440 papillas
1556 3375 1592 3422 0
1630 3390 1690 3443 a,
1726 3388 1866 3430 cm.
1907 3379 1946 3432 ς
1971 3378 1994 3447 fl
2020 3381 2093 3432 20
2128 3377 2407 3437 flamma

237 3446 436 3503 Doms
464 3446 647 3502 malas
684 3452 720 3499 0
759 3466 795 3501 a
