2517 3909
929 130 1305 187 SILUARUM
1341 132 1405 188 L.
1444 132 1511 203 V,
1554 141 1601 189 1.
2203 137 2329 204 127

178 273 291 339 Nil
338 278 592 361 cantus,
639 275 735 341 nil
779 275 890 340 fila
934 276 1069 341 deis
1113 277 1422 361 pallentis
1469 277 1720 343 Auerni

176 363 748 468 Eumenidumque
795 364 1017 431 audita
1061 364 1279 432 choris
1325 366 1605 432 mulcere
1649 367 1970 435 ualerent·

178 452 434 518 Tantus
479 454 553 518 in
597 453 879 520 attonito
922 454 1250 540 regnabat
1293 458 1554 540 pectore
1598 456 1839 522 luctus!

176 541 369 608 Nunc
418 542 619 608 etiam
663 542 748 607 ad
792 543 1096 626 planctus
1141 543 1387 629 refugit
1431 545 1562 609 iam
1605 546 1805 630 plana
1852 547 2137 634 cicatrix,
2254 568 2326 618 30

175 629 351 695 Dum
396 632 712 716 canimus,
756 631 1191 718 grauibusque
1236 633 1443 699 oculis
1488 634 1752 701 uxorius
1797 635 2003 703 instat

173 719 414 785 Imber.
486 720 817 787 habentne
862 721 1010 806 pios
1056 721 1428 788 etiamnunc
1473 723 1724 789 lumina
1766 724 2001 791 fletus?

175 808 346 873 Mira
388 808 578 874 fides!
627 809 816 875 citius
862 811 1159 896 genetrix
1206 809 1494 896 Sipyleia
1536 812 1741 878 fertur

172 897 575 963 Exhausisse
622 919 856 984 genas·
840 947 858 984 ‚
903 899 1095 965 citius
1140 899 1493 966 Tithonida
1538 903 1772 968 maesti

172 986 499 1052 Deficient
543 1009 723 1053 rores
771 991 887 1053 aut
931 989 1248 1054 exsatiata
1292 989 1554 1055 fatiscet
2250 1013 2321 1063 35

169 1074 388 1141 Mater
432 1075 746 1142 Achilleis
789 1077 1036 1144 hiemes
1082 1077 1446 1164 affi‘angere
1496 1079 1724 1145 bustis,

169 1162 389 1230 Macte
437 1165 667 1230 animi!
738 1170 927 1231 notat
970 1167 1101 1232 ista
1145 1166 1323 1253 deus,
1370 1168 1481 1253 qui
1525 1167 1728 1234 flectit
1769 1167 2059 1237 habenas
2172 1214 2177 1219 -

172 1253 370 1319 Orbis
418 1256 485 1318 et
526 1252 846 1320 humanos
889 1256 1160 1341 propior
1201 1255 1362 1322 Ioue
1407 1256 1646 1343 digerit
1691 1260 1875 1324 actus

167 1341 705 1429 Maerentemque
750 1343 979 1410 uidens
1025 1345 1304 1447 lectique
1351 1367 1590 1413 arcana
1633 1347 1918 1414 ministri

165 1430 347 1498 Hinc
392 1431 593 1498 etiam
637 1432 1027 1499 documenta
1073 1434 1266 1519 capit,
1312 1435 1484 1521 quod
1530 1435 1748 1522 diligis
1794 1438 2092 1504 umbram
2246 1456 2318 1507 40

164 1519 260 1587 Et
308 1521 471 1587 colis
518 1522 841 1606 exequias.
913 1522 1022 1590 hie
1066 1528 1169 1589 est
1212 1524 1618 1590 castissimus
1666 1524 1877 1607 ardor,

164 1610 298 1676 Hic
346 1632 533 1677 amor
575 1632 616 1675 a
660 1611 924 1678 domino
969 1613 1240 1678 meritus
1287 1634 1550 1680 censore
1593 1614 1876 1699 probari.

162 1699 309 1766 Nec
354 1700 610 1785 mirum,
656 1701 712 1766 si
756 1722 877 1767 uos
924 1702 1163 1768 collato
1206 1705 1469 1786 pectore
1514 1702 1753 1769 mixtos

164 1788 395 1855 Iunxit
441 1789 791 1875 inabrupta
837 1786 1201 1857 Concordia
1243 1791 1446 1877 longa
1490 1796 1737 1858 catena.

159 1878 294 1945 ma
351 1878 612 1965 quidem
655 1882 1063 1964 nuptumque
1109 1880 1290 1964 prior
1335 1880 1687 1966 taedasque
1733 1881 1972 1949 marito
2188 1925 2195 1933 -
2242 1901 2313 1951 45

161 1968 372 2034 Passa
417 1968 565 2053 alio,
612 1968 724 2033 sed
769 1971 836 2033 te
883 1990 999 2034 ceu
1044 1968 1423 2054 uirginitate
1468 1970 1767 2056 iugatum

160 2055 539 2123 Uisceribus
584 2057 744 2123 totis
792 2058 1133 2143 animaque
1181 2058 1479 2142 amplexa
1523 2058 1817 2143 fouebat3

162 2145 460 2223 Qualiter
505 2166 834 2231 aequaeuo
882 2147 1198 2212 sociatam
1242 2147 1513 2231 palmite
1558 2148 1760 2213 uitem

158 2234 398 2302 Ulmus
446 2237 627 2300 amat
670 2236 1025 2324 miscetque
1070 2257 1302 2301 nemus
1349 2235 1676 2322 ditemque
1725 2241 2028 2322 precatur

158 2326 576 2390 Autumnum
623 2328 690 2389 et
743 2325 909 2390 caris
957 2325 1198 2411 gaudet
1241 2324 1546 2391 redimita
1588 2327 1882 2393 racemis.
2238 2347 2309 2397 5ο

156 2413 546 2479 Laudantur
590 2413 854 2498 proauis
902 2418 1016 2480 aut
1058 2413 1370 2499 pulchrae
1416 2437 1683 2481 munere
1727 2416 1997 2507 formae,

160 2501 347 2579 Quae
394 2524 650 2568 morum
697 2524 958 2569 caruere
1004 2504 1214 2589 boniS,
1259 2503 1591 2589 falsaeque
1636 2509 1936 2590 potentes

23 2609 26 2678 ξ.
157 2591 408 2657 Laudis
455 2594 651 2677 egent
693 2614 916 2658 uerae.
960 2593 1085 2658 tibi
1129 2615 1523 2679 quamquam
1570 2596 1636 2659 et
1680 2595 1864 2682 origo
1909 2597 2150 2663 niteret

23 2689 26 2710 ¹
155 2680 247 2746 Et
292 2681 451 2746 felix
497 2682 742 2783 species
788 2665 1195 2768 multumque
1242 2682 1531 2766 optanda
1575 2684 1848 2770 maritis,

23 2859 24 2864 ἵ
155 2768 260 2835 Ex
306 2773 373 2834 te
419 2771 628 2836 maior
671 2769 901 2858 honos,
944 2794 1144 2838 unum
1189 2771 1455 2838 nouisse
1501 2772 1731 2858 cubile,
2236 2790 2306 2841 55

296 3057 366 3107 28
407 3052 593 3108 choris
629 3052 1104 3137 Dindenbroyius:
1141 3054 1320 3110 comis
1359 3059 1395 3106 c
1424 3073 1458 3107 a
1483 3056 1504 3124 ΙΙ
1532 3060 1601 3109 32
1639 3053 1961 3111 etiamnunc
2000 3061 2065 3112 3:
2104 3056 2301 3112 etiam·

155 3140 290 3177 num
325 3124 469 3179 haec
496 3127 543 3177 A
570 3130 606 3177 c
632 3126 654 3195 ΙΙ
680 3131 747 3180 33
778 3124 1040 3209 sipylleia
1066 3129 1113 3179 A
1140 3126 1190 3180 si
1214 3126 1382 3195 pelea
1410 3131 1445 3177 c
1486 3125 1715 3196 Sipylea
1740 3127 1951 3182 feretur
1976 3127 2246 3182 Heinsius
2280 3129 2297 3198 Η

159 3198 227 3249 35
271 3195 551 3251 exsatiata
585 3199 632 3249 A
669 3202 729 3251 c.
768 3196 1052 3253 exsiccata
1089 3202 1124 3252 ς
1170 3200 1191 3267 fl
1234 3202 1305 3253 39
1342 3197 1541 3252 uidens
1575 3199 1802 3267 scripsi.-
1836 3198 1997 3253 uidet
2032 3203 2067 3249 c
2103 3216 2140 3250 a
2171 3200 2192 3268 ΙΙ
2233 3205 2306 3254 44

152 3264 353 3320 Uinxit
387 3266 657 3322 Heinsius
688 3271 696 3335 Ι
727 3273 797 3322 45
835 3271 1184 3339 nuptumque
1214 3273 1278 3324 3:
1316 3270 1608 3339 nuptuque
1634 3274 1684 3323 A
1720 3275 1756 3322 θ
1782 3270 1804 3339 ΙΙ
1830 3275 1898 3324 47
1935 3267 2191 3339 animaq3
2230 3275 2302 3324 c·

151 3336 458 3407 animoque
505 3343 541 3394 ς
571 3357 605 3392 a
648 3340 669 3409 ss
722 3344 789 3394 51
819 3339 1148 3396 Laudentur
1172 3341 1337 3397 Dom.
1389 3341 1398 3409 Ι
1456 3341 1656 3411 proaui
1683 3358 1782 3396 seu
1812 3347 1847 3393 c
1867 3359 1918 3409 a,
1945 3357 2084 3396 corr.
2121 3341 2301 3395 Hein

148 3409 270 3464 sius
300 3408 531 3479 proauis
562 3410 621 3465 et
658 3411 980 3467 Politianus
1007 3411 1026 3483 ΙΙ
1065 3417 1132 3466 52
1168 3411 1463 3482 falsaeque
1498 3411 1797 3467 Heinsius.-
1831 3412 2090 3481 falsoque
2127 3416 2164 3463 ο
2201 3428 2235 3463 a
