2517 3909
349 122 472 185 152
1023 134 1090 181 Ρ.
1131 132 1401 182 mmm
1442 132 1676 183 snm

344 290 600 354 Admitti.
690 288 1018 350 ‘Reserare
1058 290 1210 351 viam
1248 299 1421 367 rogat
1462 289 1619 368 inpia
1661 287 1806 352 belli

345 375 564 451 Mater,
608 375 665 434 in
705 373 794 434 his
839 374 1075 453 aliquod
1113 376 1201 434 ius
1248 373 1585 435 execrabile
1631 374 1841 434 castris

343 460 491 521 Huic
527 467 695 520 utero
735 463 870 521 est?
958 458 1196 538 Trepidi
1231 460 1419 519 visam
1462 475 1759 538 expavere
1794 456 2029 537 manipli
2236 465 2331 520 435

343 544 729 624 Auditamque
773 546 988 622 magis;
1034 553 1256 604 remeat
1292 546 1404 603 iam
1443 544 1653 603 missus
1694 541 1950 603 Adrasto

342 628 615 698 Nuntius;
661 630 956 707 excipiunt
995 630 1138 689 iussi
1180 629 1525 707 mediosque
1568 645 1678 706 per
1720 644 1899 686 enses

342 713 496 775 Dant
533 715 672 782 iter3
716 712 818 773 illa
858 714 1040 775 duces
1081 722 1143 772 ut
1176 715 1418 792 primum
1461 710 1729 791 adspexit
1772 711 2064 783 Achivos,

348 797 675 859 Clamorem
711 796 1061 859 horrendum
1087 798 1244 858 luctu
1287 798 1492 858 furiata
1534 796 1810 857 resolvit:

474 882 766 961 ‘Argolici
802 900 1123 961 proceres,
1169 883 1372 961 ecquis
1405 882 1812 942 monstraverit
1847 879 2112 956 hostem,
2238 889 2341 944 490

346 967 533 1042 Quem
576 964 826 1046 peperi?
874 984 1115 1046 quanam
1159 967 1477 1043 inveniam,
1523 965 1659 1026 mihi
1699 966 1909 1042 dicite,
1952 974 2147 1025 natum

346 1051 466 1112 Sub
500 1049 752 1129 galea‘l'
795 1051 972 1112 Venit
1013 1052 1292 1114 attonitae
1330 1049 1638 1111 Cadmeius
1679 1052 1858 1112 heros

346 1135 600 1213 Obvius,
644 1145 702 1197 et
744 1146 968 1216 raptam
1012 1137 1267 1198 lacrimis
1312 1135 1696 1214 gaudentibus
1739 1133 1925 1213 inplet

345 1221 695 1300 Solaturque
740 1230 980 1297 tenens,
1023 1230 1198 1300 atque
1233 1221 1385 1280 inter
1427 1219 1654 1298 singula
1696 1228 1968 1294 matrem,

340 1304 584 1366 Matrem
626 1307 831 1382 iterat,
873 1323 1025 1365 nunc
1052 1306 1237 1385 ipsam
1269 1322 1486 1383 urgens
1506 1349 1524 1382 ,
1569 1322 1721 1365 nunc
1753 1321 1886 1364 cara
1920 1319 2191 1363 sororum
2236 1313 2338 1368 495

345 1389 626 1466 Pectora,
671 1408 843 1468 quum
886 1390 1061 1450 mixta
1104 1390 1276 1450 fletus
1314 1408 1457 1450 anus
1498 1398 1733 1469 asperat
1773 1391 1890 1449 ira:

469 1478 489 1509 θ
508 1473 657 1547 Quid
699 1473 910 1534 molles
951 1474 1219 1534 lacrimas
1260 1473 1712 1553 venerandaque
1753 1473 1981 1534 nomina
2023 1472 2233 1550 fingis,

343 1557 473 1617 Rex
510 1557 765 1636 Argive‚
805 1555 986 1618 mihi?
1033 1559 1169 1637 quid
1205 1559 1361 1619 colla
1397 1558 1763 1638 amplexibus
1808 1556 1991 1619 ambis

341 1641 707 1721 Invisamque
750 1644 893 1703 teris
938 1643 1158 1704 ferrato
1203 1652 1451 1723 pectore
1491 1640 1777 1704 matrem?

346 1726 506 1787 Tune
550 1727 651 1787 ille
697 1727 874 1787 exilio
916 1746 1101 1805 vagus
1145 1737 1205 1788 et
1245 1728 1594 1788 miserabilis
1632 1722 1895 1805 hospes?
2239 1737 2339 1790 500

344 1810 529 1885 Quem
571 1828 687 1871 non
731 1813 1106 1892 pei-moveas!
1149 1812 1327 1891 longe
1371 1820 1467 1874 tua
1502 1813 1658 1873 iussa
1701 1811 1983 1871 cohortes·

341 1894 703 1975 Expectant,
748 1897 1046 1975 multoque
1082 1898 1233 1958 latus
1277 1896 1675 1976 praefulgurat
1715 1907 1878 1956 ense.

341 1981 435 2040 Ah
479 1983 727 2041 miserae
768 1983 1011 2043 matres!
1057 1983 1208 2043 hunc
1250 1990 1311 2041 te
1352 1990 1676 2061 noctesque
1721 1980 1966 2058 diesque

339 2064 673 2136 Deflebam;
718 2067 768 2125 si
809 2066 989 2126 verba
1026 2075 1220 2127 tamen
1260 2067 1631 2146 monitusque
1672 2074 1901 2125 tuorum

337 2149 644 2227 Dignaris,
690 2149 820 2211 dum
865 2160 1056 2212 castra
1092 2151 1268 2212 silent
1311 2167 1713 2230 suspensaque
1758 2148 1976 2210 bellum
2234 2157 2333 2211 505

338 2233 643 2296 Horrescit
681 2237 905 2315 pietas,
955 2237 1226 2313 genetrix
1261 2235 1559 2316 iubeoque
1600 2250 1905 2314 rogoque,
1979 2269 1986 2276 ·
2073 2261 2082 2267 ·

338 2318 365 2378 I
400 2337 627 2379 mecum
668 2321 1005 2399 patriosque
1045 2321 1195 2381 deos
1239 2338 1557 2400 arsuraque
1602 2319 1809 2380 saltem

339 2402 520 2464 Tecta
554 2405 726 2482 vide,
771 2403 1126 2484 fratremque
1155 2438 1239 2450 —-
1273 2406 1410 2483 quid
1440 2405 1637 2465 aufers
1672 2400 1925 2465 lumina?
1968 2435 2055 2449 —-
2090 2400 2329 2463 fratrem

337 2486 701 2566 Alloquere,
747 2498 807 2550 et
844 2508 1087 2568 regnum
1127 2490 1239 2550 iam
1281 2508 1373 2549 me
1422 2489 1530 2549 sub
1573 2490 1764 2551 iudice
1811 2504 2016 2567 posce.

276 2643 279 2647 Α
339 2572 458 2631 Aut
499 2572 687 2648 dabit,
733 2583 832 2635 aut
877 2575 1093 2635 ferrum
1131 2591 1306 2634 causa
1346 2573 1592 2634 meliore
1630 2590 1916 2634 resumes.
2230 2578 2329 2634 510

337 2656 506 2717 Anne
550 2658 750 2734 times,
794 2677 869 2718 ne
911 2660 1065 2719 forte
1106 2658 1225 2719 doli
1267 2669 1328 2719 te
1375 2659 1612 2720 conscia
1659 2665 1843 2718 mater

338 2736 685 2819 Decipiam?
727 2759 842 2802 non
878 2744 964 2803 sic
1005 2745 1254 2804 miseros
1298 2744 1389 2805 fas
1433 2759 1602 2804 omne
1645 2751 1892 2822 penates

338 2824 625 2902 Effugiet:
669 2826 770 2884 vix
815 2824 1122 2906 Oedipode
1165 2828 1417 2888 ducente
1458 2831 1713 2889 timeres.

335 2909 520 2988 Nupsi
560 2909 828 2987 equidem
862 2913 1187 2990 peperique
1224 2914 1427 2989 nefas,
1472 2912 1576 2972 sed
1620 2911 1801 2988 diligo
1843 2909 2028 2987 tales,

337 2993 431 3054 Ah
475 2992 679 3071 dolor,
720 3002 781 3054 et
812 3005 1045 3056 vestros
1088 2998 1394 3058 etiamnum
1435 3013 1657 3058 excuso
1692 2993 1947 3055 furores.
2227 3003 2320 3058 515

338 3077 563 3153 Quodsi
607 3077 754 3139 adeo
795 3088 1060 3158 perstas,
1101 3080 1255 3142 uitro
1301 3081 1437 3158 tibi,
1484 3099 1698 3157 saeve,
1744 3077 2090 3158 triumphum

333 3162 691 3233 Detulimus;
735 3162 925 3242 religa
968 3175 1170 3243 captas
1205 3168 1265 3226 in
1302 3176 1470 3245 terga
1515 3182 1789 3240 sorores,

334 3245 494 3307 Inice
536 3248 729 3310 vincla
763 3249 931 3318 mihi;
974 3251 1171 3326 gravis
1212 3251 1360 3327 huc,
1406 3260 1715 3330 utcumque
1756 3249 1982 3309 feretur

336 3327 412 3389 Et
456 3339 642 3409 pater.
727 3332 821 3394 Ad
859 3342 1116 3394 vestrum
1156 3335 1407 3411 gemitus
1449 3327 1599 3395 nunc
1635 3343 1806 3394 verto
1844 3333 2161 3416 pudorem,

335 3411 680 3494 Inachidae,
719 3416 968 3497 liquistis
1006 3418 1156 3478 enim
1189 3433 1527 3500 parvosque
1569 3436 1864 3498 senesque
2223 3423 2319 3479 52⁰
