2517 3909
304 106 425 172 188
953 122 1022 169 P.
1062 120 1334 168 mmm
1378 119 1612 170 snm

298 276 550 339 Audisse
591 292 1021 356 accensumque
1062 285 1262 356 putes:
1311 277 1426 337 hoc
1466 276 1703 337 fulmine
1740 285 1967 356 raptum

300 362 558 423 Abstulit
600 371 660 421 et
699 361 920 422 similes
960 362 1145 421 minus
1187 362 1513 439 indignatur
1552 361 1831 424 habenas.

428 445 680 507 Semifer
720 448 878 508 aeria
920 447 1055 508 talis
1100 444 1422 508 Centaurus
1465 444 1538 507 ab
1585 445 1736 507 Ossa
2203 459 2318 512 220

300 531 512 592 Desilit
552 533 607 591 in
652 531 871 608 valles,
916 532 1103 610 ipsum
1146 548 1385 595 nemora
1427 531 1542 591 alta
1576 532 1934 605 tremiscunt,

303 614 551 695 Campus
593 634 820 694 equum.
903 614 1138 694 Trepidi
1182 634 1356 676 cursu
1396 615 1793 692 glomerantur
1830 615 2045 677 ‘anhelo

298 699 698 776 Labdacidae,
739 701 947 779 premit
991 700 1093 761 ille
1137 719 1350 781 super,
1396 718 1510 760 nec
1551 702 1841 780 opinaqne
1885 700 2044 761 ferro

305 783 474 845 Colla
513 793 739 845 metens
781 785 985 864 linquit
1028 794 1265 847 truncos
1306 794 1443 864 post
1485 793 1650 863 terga
1697 786 1995 846 cadentes.

428 869 677 929 Ventum
716 878 840 930 erat
884 869 958 930 ad
999 868 1261 939 fluvium3
1310 870 1484 931 solito
1514 878 1651 929 tunc
1678 869 1910 948 plenior
1940 869 2136 948 alveo,
2198 881 2310 936 225

303 956 482 1033 Signa
518 952 686 1030 mali,
730 971 937 1032 magna
978 972 1046 1014 se
1087 955 1243 1015 mole
1284 954 1550 1014 Ismenos
1591 954 1824 1032 agebat.

299 1038 410 1100 Illa
453 1037 651 1098 brevis
692 1039 964 1119 requies,
1020 1038 1122 1101 illo
1166 1039 1359 1100 timida
1407 1040 1632 1116 agmina
1678 1040 1890 1100 lassam

301 1122 395 1184 De
438 1123 658 1202 campis
699 1141 884 1200 egere
924 1124 1145 1201 fugam3
1193 1132 1389 1203 stupet
1431 1123 1661 1202 hospita
1703 1123 1846 1185 belli

303 1207 468 1269 Unda
509 1208 670 1267 viros
713 1208 989 1286 claraque
1033 1225 1319 1268 armornm
1358 1207 1680 1269 incenditur
1719 1209 1942 1271 umbra.

304 1293 590 1353 Insiluere
633 1292 834 1369 vadis,
876 1309 1205 1372 magnoque
1249 1292 1487 1370 fragore
1531 1293 1759 1353 solutus
2205 1304 2312 1359 230

305 1378 511 1456 Agger
549 1386 609 1437 et
649 1376 935 1438 adversae
978 1376 1265 1437 latuerunt
1306 1378 1550 1456 pulvere
1594 1378 1778 1457 ripae.

303 1461 414 1522 Ille
460 1477 694 1540 quoque
735 1461 983 1521 hostiles
1027 1462 1178 1522 saltu
1222 1463 1443 1522 maiore
1490 1462 1824 1542 pentundas

302 1545 481 1607 Inruit
524 1546 778 1607 attonitis
820 1580 905 1590 —-
947 1545 1182 1624 longum
1222 1547 1512 1607 dimittere
1558 1545 1845 1622 habenas,
1886 1580 1974 1594 —-

307 1631 469 1692 Sicut
512 1639 669 1707 erat,
712 1639 927 1690 tantum
961 1631 1130 1692 viridi
1176 1631 1368 1692 defixa
1412 1649 1724 1711 parumper

308 1711 587 1794 Cespite,
633 1715 891 1795 populeo
929 1716 1293 1777 commendat
1334 1715 1559 1795 spicula
1596 1725 1823 1776 trunco.
2207 1724 2311 1780 235

308 1798 470 1860 Tunc
510 1817 656 1860 vero
703 1799 1000 1861 exanimes
1040 1799 1269 1861 tradunt
1307 1800 1663 1879 rapientibus
1706 1801 1859 1861 ultro

307 1885 485 1947 Arma
525 1884 725 1945 vadis:
772 1884 871 1946 alii
915 1885 1146 1946 dimissa
1190 1884 1456 1961 casside,
1505 1893 1773 1964 quantum

308 1968 579 2031 Tendere
622 1979 864 2030 conatus
905 1972 1128 2030 animae
1168 1969 1409 2030 valuere
1452 1969 1556 2029 snb
1599 1970 1786 2045 undiS,

311 2054 505 2134 Turpe
548 2054 753 2123 latent;
800 2053 962 2114 multi
1003 2054 1235 2115 fluvium
1278 2055 1667 2115 transmittere
1709 2056 1897 2116 nando

310 2139 631 2218 Aggressi,
678 2139 783 2201 sed
824 2139 1015 2199 vincla
1057 2148 1289 2216 tenent,
1334 2138 1620 2218 laterique
1662 2149 1952 2218 repugnat
2209 2149 2314 2202 240

309 2223 579 2300 Balteus,
624 2233 684 2284 et
722 2223 984 2284 madidus
1030 2222 1262 2283 deducit
1303 2233 1548 2303 pectora
1591 2224 1819 2284 thorax.

312 2306 514 2381 Qualis
558 2308 845 2369 caeruleis
887 2309 1101 2369 tumido
1152 2308 1261 2368 sub
1306 2310 1539 2386 gurgite
1580 2318 1773 2369 terror

309 2392 606 2468 Piscibus,
653 2393 847 2453 arcani
892 2395 1160 2471 quotiens
1200 2392 1430 2453 devexa
1475 2393 1743 2473 profundi

311 2478 673 2538 Scrutantem
716 2477 988 2557 delphina
1027 2478 1256 2547 vident;
1315 2477 1462 2556 fugit
1504 2479 1686 2537 omnis
1730 2479 1788 2536 in
1830 2478 1977 2538 imos

311 2560 504 2622 Turba
544 2561 740 2639 lacus,
794 2563 1129 2643 viridesque
1169 2570 1325 2622 metu
1370 2563 1654 2642 stipantur
1694 2562 1753 2620 in
1794 2562 1981 2639 algas,
2212 2571 2314 2625 245

303 2645 438 2707 -Nec
484 2647 642 2725 prius
687 2647 931 2725 emersi,
976 2666 1147 2728 quam
1187 2665 1404 2707 summa
1448 2666 1559 2727 per
1591 2663 1851 2726 aequora
1895 2647 2089 2708 flexus
2249 2686 2280 2732 ο

310 2729 571 2809 Emicet‚
624 2741 682 2792 et
721 2733 865 2792 visis
905 2732 1066 2793 malit
1107 2742 1337 2793 certare
1375 2732 1604 2791 carinis.

313 2814 470 2876 Talis
511 2816 631 2893 agit
673 2833 947 2896 sparsos,
991 2815 1314 2894 mediisque
1354 2818 1412 2875 in
1454 2815 1723 2877 fluctibus
1765 2815 1946 2876 heros

310 2899 498 2961 Frena
540 2919 711 2961 manu
751 2902 1002 2980 pariter,
1047 2902 1269 2979 pariter
1310 2902 1464 2978 regit
1503 2919 1671 2961 arma
1703 2900 2034 2980 pedumque

312 2984 578 3063 Remigio
621 2994 900 3045 sustentat
949 3002 1190 3064 equum,
1236 2994 1632 3064 consuetaque
1676 3002 1882 3064 campo
2208 2996 2314 3049 250

310 3068 612 3147 Fluctuat,
658 3080 720 3130 et
761 3087 984 3129 mersas
1028 3069 1177 3130 levis
1218 3070 1433 3147 ungula
1477 3071 1705 3148 quaerit
1746 3088 1974 3130 arenas.

311 3156 529 3215 Sternit
556 3154 697 3215 Iona
719 3152 1015 3230 Chromis,
1049 3151 1325 3215 Chromin
1343 3154 1667 3234 Antiphos,
1695 3154 1992 3234 Antiphon
2012 3154 2308 3235 Hypseus,

311 3237 584 3316 Hypseus
627 3237 931 3314 Astyagen
976 3256 1399 3318 evasurumque
1443 3239 1652 3299 relicto

311 3319 498 3380 Amne
541 3320 770 3397 Linum,
810 3323 868 3381 ni
909 3320 1025 3381 fata
1066 3330 1299 3397 vetent,
1343 3332 1404 3383 et
1444 3323 1687 3384 stamine
1730 3324 1917 3402 primo

313 3401 582 3462 Ablatnm
626 3405 839 3466 tellure
884 3406 1060 3474 mori;
1117 3406 1329 3485 premit
1370 3408 1597 3484 agmina
1643 3406 1878 3468 Thebes
2205 3414 2309 3469 255
