2517 3909
880 266 1371 326 ACHILLEIDOS
1419 267 1483 322 L.
1522 267 1591 321 ΙΙ.
2166 261 2267 325 49

211 415 374 482 Cum
421 438 526 480 me
572 415 687 480 ille
734 415 1130 498 immissum,
1176 436 1306 498 qua
1352 412 1607 479 saevior
1652 412 1935 495 impetus
1982 412 2209 495 undae,

213 504 401 571 Stare
446 505 630 569 iubet
675 507 901 569 contra
946 503 1360 587 tumidosque
1405 501 1716 587 repellere
1761 500 2024 584 fluctus,

215 594 393 671 Quos
443 594 553 658 vix
598 593 738 677 ipse
785 591 992 677 gradu
1036 592 1282 657 totiens
1330 591 1636 657 obstante
1681 590 1962 654 tulisset.

99 704 182 743 435
216 681 486 748 Stabam
534 680 860 766 equidem,
907 681 1018 746 sed
1064 702 1167 745 me
1214 678 1543 745 referebat
1590 678 1883 744 concitus
1932 678 2140 743 amnis

213 771 306 835 Et
350 771 529 835 latae
577 770 790 855 caligo
836 769 1058 855 fugae:
1103 769 1282 833 ferus
1327 767 1439 833 ille
1484 767 1725 832 minari
2158 783 2258 831 150

215 859 513 943 Desuper
558 859 940 924 incumbens
986 858 1333 942 verbisque
1378 877 1610 942 urgere
1655 856 1991 941 pudorem.

215 947 352 1013 Nec
397 946 529 1012 nisi
575 947 790 1012 iussus
839 946 975 1012 abi:
1024 946 1118 1011 sic
1162 968 1268 1011 me
1316 945 1614 1010 sublimis
1663 945 1904 1030 agebat

218 1035 476 1119 Gloria,
520 1057 636 1100 nec
682 1036 827 1100 duri
871 1038 1062 1101 tanto
1111 1035 1231 1099 sub
1279 1037 1446 1099 teste
1494 1033 1774 1098 labores,

105 1146 192 1184 440
220 1123 397 1189 Nam
445 1124 671 1207 procul
716 1123 1022 1189 Oebalios
1069 1123 1139 1187 in
1181 1123 1410 1188 nubila
1453 1121 1728 1188 condere
1775 1121 1984 1187 discos

193 1213 314 1277 'Et
359 1212 678 1297 liquidam
723 1213 967 1278 nodare
1011 1210 1216 1277 Palen
1262 1216 1329 1278 et
1375 1231 1680 1297 spargere
1727 1214 2010 1294 caestus,
2158 1226 2260 1276 155

222 1300 445 1367 Ludus
494 1304 634 1365 erat
678 1301 1059 1385 requiesque
1105 1300 1297 1383 mihi3
1340 1322 1459 1366 nec
1504 1300 1715 1365 maior
1760 1299 1829 1364 in
1874 1301 2020 1366 istis

228 1388 466 1473 Sudor,
513 1388 861 1473 Apollineo
907 1411 1102 1474 quam
1146 1388 1261 1454 fila
1307 1388 1612 1454 sonantia
1656 1389 1904 1472 plectro

229 1476 396 1544 Cum
445 1480 782 1561 quaterem
812 1478 1204 1562 priscosque
1250 1478 1465 1544 virum
1512 1476 1786 1542 mirarer
1829 1476 2129 1543 honores.

112 1587 197 1626 445
233 1565 407 1642 Quin
453 1566 650 1630 etiam
697 1588 887 1631 sucos
935 1568 1130 1650 atque
1176 1566 1562 1632 auxiliantia
1609 1566 1852 1632 morbis

226 1653 566 1736 Gramina,
615 1676 740 1738 quo
787 1654 1027 1722 nimius
1076 1657 1286 1720 staret
1328 1654 1757 1719 medicamine
1806 1655 2069 1740 sanguis
2079 1706 2097 1740 ,
2156 1672 2256 1720 160

228 1742 397 1819 Quid
441 1742 643 1807 faciat
690 1764 954 1808 somnos
962 1792 981 1826 ‚
1026 1743 1183 1827 quid
1227 1742 1484 1808 hiantia
1527 1743 1797 1808 vulnera
1843 1744 2132 1828 claudat,

231 1830 410 1907 Quae
455 1830 628 1896 ferro
675 1831 1037 1896 cohibenda
1083 1831 1222 1895 lues
1233 1881 1251 1915 ‚
1300 1853 1467 1916 quae
1514 1831 1771 1897 cederet
1813 1831 2059 1915 herbiS,

232 1919 541 2003 Edocuit,
587 1920 1000 2003 monitusque
1049 1941 1274 1985 sacrae
1320 1921 1442 1986 sub
1486 1922 1750 2005 pectore
1794 1921 1939 1984 fixit

114 2029 200 2069 450
232 2006 563 2092 Iustitiae,
610 2030 738 2093 qua
782 2006 1061 2073 Peliacis
1108 2008 1262 2073 dare
1309 2010 1453 2074 iura
1498 2009 1778 2073 verenda

229 2094 552 2161 Gentibus
608 2100 805 2180 atque
852 2118 1003 2161 suos
1051 2097 1285 2163 solitus
1330 2097 1593 2182 placare
1638 2096 1969 2162 biformes,
2162 2114 2265 2164 165

230 2184 566 2249 Hactenus
612 2206 957 2269 annorum,
1005 2186 1301 2270 comite8‚
1346 2186 1672 2251 elementa
1717 2207 2006 2251 meorum

230 2271 323 2336 Et
368 2273 636 2337 memini
681 2278 748 2338 et
794 2273 1166 2339 meminisse
1212 2275 1415 2339 iuvat:
1465 2275 1591 2340 scit
1636 2278 1852 2340 cetera
1898 2275 2149 2340 mater?

380 2451 482 2500 149
521 2446 619 2500 sed
655 2463 745 2501 me
782 2451 822 2498 P
858 2463 962 2501 nec
998 2465 1089 2501 me
1129 2449 1292 2502 ceteri
1316 2449 1337 2517 ΙΙ
1371 2464 1557 2503 versus
1593 2453 1702 2504 150
1728 2465 1837 2519 sqq.
1876 2450 1941 2504 in
1975 2454 2045 2502 Pe
2083 2451 2153 2507 al.
2195 2469 2264 2507 m.

232 2516 438 2571 adiecti
471 2521 617 2572 sunt.
658 2520 667 2585 Ι
702 2523 804 2572 150
838 2517 1011 2588 fugae
1046 2523 1087 2569 P
1140 2518 1267 2573 viae
1304 2520 1465 2573 ceteri
1496 2521 1505 2587 Ι
1537 2536 1640 2574 nec
1677 2536 1767 2574 me
1803 2519 2084 2576 referebat
2120 2539 2164 2577 c.
2197 2539 2270 2592 a.‚

234 2587 337 2641 Set
369 2587 408 2641 1.
448 2603 493 2644 c.
530 2587 654 2642 viae
689 2588 1061 2643 Baehremius
1102 2590 1123 2658 ΙΙ
1170 2594 1273 2644 152
1313 2589 1407 2644 abi
1444 2589 1567 2642 (3²6
1613 2591 1731 2645 abii
1775 2595 1999 2658 PPopD
2033 2594 2042 2662 1
2077 2593 2270 2649 alebat

231 2656 607 2713 Baehreneius
632 2661 653 2728 ΙΙ
682 2664 783 2713 153
819 2661 1008 2713 tantos
1043 2664 1084 2710 P
1109 2660 1129 2728 ΙΙ
1159 2664 1261 2715 155
1299 2660 1509 2716 nodare
1536 2666 1577 2714 P
1611 2661 1849 2717 Gronov.
1876 2663 2089 2719 nudare
2116 2668 2186 2717 Pe
2198 2665 2270 2717 (32

233 2727 396 2783 Leid.
442 2732 559 2781 Hm
611 2730 743 2783 olim
788 2730 1114 2798 scripseram
1156 2732 1312 2785 Mus.
1348 2731 1524 2787 Rhen.
1567 2732 1762 2786 XXX
1784 2750 1847 2803 p.
1887 2738 1998 2790 635
2023 2751 2100 2805 sq.
2148 2737 2268 2791 coll.

244 2797 404 2867 Ver-9.
441 2799 582 2855 Aen.
613 2800 741 2853 III
771 2802 885 2855 281
916 2800 1009 2855 Ge.
1043 2801 1129 2854 II
1162 2806 1266 2857 531
1301 2805 1310 2872 Ι
1345 2806 1447 2857 158
1477 2803 1798 2858 modularer
1823 2804 2063 2860 honores
2088 2806 2269 2861 Baeh-

233 2873 452 2923 reneius
476 2871 498 2939 ΙΙ
529 2875 626 2924 161
656 2870 892 2926 vulnera
919 2870 1088 2926 ducat
1104 2872 1377 2928 Heinsius
1403 2875 1423 2944 ΙΙ
1453 2880 1553 2929 165
1580 2875 1808 2945 placare
1836 2880 1941 2928 Pu
1967 2893 2169 2945 pacare
2199 2877 2272 2930 62

234 2943 308 2991 Ρο
332 2938 627 3011 {biformes
654 2940 889 2993 PG²GE
924 2941 1260 2998 bimembres
1298 2949 1409 3011 Pop
1447 2946 1565 3000 edd.
1585 2946 1859 3000 verendos
1889 2952 1932 2998 D
1960 2947 1988 3042 'i
2011 2952 2111 3003 167
2139 2947 2265 3001 ΕΧ-

236 3043 477 3099 PLIOIT
517 3045 587 3098 62
642 3047 724 3101 In
749 3051 790 3099 P
816 3048 979 3102 nulla
1011 3054 1189 3104 exstat
1213 3051 1546 3119 subscriptio
1573 3050 1824 3107 eXPLIC
1859 3052 2006 3107 LIB
2044 3042 2270 3108 STuOE'

237 3115 399 3171 Leid.
475 3115 613 3171 Post
654 3118 802 3195 himo
836 3134 1050 3173 versum
1075 3122 1344 3189 permulti
1394 3122 1528 3177 libri
1569 3124 1776 3177 novicii
1817 3124 2074 3192 (plurimi
2111 3125 2268 3179 Mus.

235 3186 593 3254 Britannici,
641 3189 757 3243 eod.
815 3187 1084 3245 Gronovii
1127 3195 1204 3246 87
1238 3193 1393 3258 (olim
1436 3192 1975 3261 Rottendorfianus),
2031 3194 2265 3261 Erford.

237 3256 457 3312 Ratisb.
504 3258 704 3313 Dreed.
752 3259 908 3327 apud
944 3259 1262 3330 Queekium)
1306 3264 1472 3318 verba
1514 3265 1714 3332 spuria
1748 3265 2045 3332 praebent:
2093 3266 2270 3321 ‘Aura

238 3327 397 3395 silet,
432 3328 639 3399 puppis
666 3344 891 3384 currens
928 3330 1001 3385 ad
1036 3331 1206 3388 litora
1236 3334 1439 3400 venit',
1474 3335 1705 3403 quaein
1730 3340 1773 3386 D
1810 3335 1994 3390 versui
2020 3342 2132 3393 167
2168 3354 2267 3392 an-

237 3403 607 3469 tepommtur3
641 3400 757 3455 iam
779 3401 997 3468 pridem
1034 3419 1071 3456 a
1105 3403 1244 3458 viris
1278 3405 1453 3459 doctis
1486 3409 1763 3473 expwneta
1801 3411 1946 3461 sunt.

350 3637 522 3679 Srsrn
547 3637 831 3681 Acmmxs.
1807 3640 1843 3686 4
