2517 3909
175 131 260 196 68
923 132 985 184 Ρ.
1022 130 1301 185 PAPINII
1338 129 1577 185 STATII

177 278 287 342 An
334 276 563 342 Getica
608 297 841 340 uenere
886 276 1075 359 lyra‘?
1147 279 1368 360 stupet
1411 276 1552 361 ipse
1597 276 1853 342 labores

176 367 439 448 AnnuS‚
485 368 551 430 et
598 367 873 450 angusto
919 365 1021 429 bis
1060 365 1201 430 seni
1246 365 1453 430 limite
1499 387 1754 431 menses

174 454 598 541 Longaeuum
643 453 963 519 mirantur
1008 476 1189 538 opus.
1204 500 1219 536 ·.
1261 454 1416 519 deus
1463 454 1673 519 adfuit
1718 477 1896 521 arces

178 543 532 629 Erexitque
580 565 733 607 suas
781 546 972 628 atque
1020 543 1423 610 obluctantia
1469 565 1627 610 saxa
2257 560 2326 610 20

184 632 553 698 Summouit
595 632 812 697 nitens
859 636 924 696 et
969 653 1208 718 magno
1254 635 1516 716 pectore
1562 636 1850 698 montem

175 721 510 806 Reppulit:
558 720 872 785 immitem
920 721 1139 786 credas
1186 721 1451 785 iussisse
1497 743 1859 787 nouercam.

180 809 360 898 Ergo
407 830 548 897 age,
601 831 713 874 seu
758 809 1008 893 patrios
1052 810 1219 874 liber
1265 810 1396 874 iam
1442 809 1693 895 legibus
1740 809 1958 896 Argos

174 899 413 965 Incolis
460 901 527 963 et
571 920 856 963 mersum
900 898 1168 963 tumulis
1213 897 1586 983 Eurysthea
1632 899 1870 982 calcaS,

177 987 327 1053 Siue
375 988 474 1052 tui
521 987 755 1052 solium
798 987 979 1053 Iouis
1027 990 1092 1051 et
1136 988 1378 1053 uirtute
1423 990 1656 1072 parata
2259 1002 2328 1053 25

177 1078 377 1143 Astra
420 1080 602 1141 tenes
617 1127 636 1159 ,
681 1076 1111 1162 haustumque
1156 1076 1279 1140 tibi
1327 1076 1652 1142 succincta
1696 1077 1873 1141 beati

180 1164 481 1231 Nectaris
529 1164 791 1231 excluso
837 1165 1066 1229 melior
1111 1163 1370 1250 Phryge
1415 1165 1694 1251 porrigit
1737 1164 1950 1230 Hebe:

180 1253 326 1319 Huc
374 1254 526 1319 ades
573 1256 639 1317 et
686 1254 948 1339 genium
992 1254 1254 1338 templis
1302 1254 1719 1319 nascentibus
1765 1254 1951 1320 infer.

178 1342 334 1409 Non
376 1345 442 1407 te
487 1341 699 1407 Lerna
743 1364 983 1408 nocens
1029 1364 1147 1408 nec
1192 1343 1494 1427 pauperis
1541 1365 1698 1408 arua
1742 1342 2061 1409 Molorchi

178 1431 318 1497 Nec
362 1431 749 1496 formidatus
796 1430 1073 1496 Nemees
1122 1452 1277 1517 ager
1323 1435 1635 1518 antraque
1681 1436 1959 1516 poscunt
2258 1450 2328 1499 30

182 1520 461 1585 Thracia
505 1541 625 1584 nec
670 1518 893 1584 Pharii
937 1520 1191 1605 polluta
1236 1521 1469 1587 altaria
1510 1521 1710 1608 regis3

182 1608 306 1675 Sed
352 1608 507 1673 felix
555 1609 954 1695 simplexque
1000 1610 1228 1675 domus
1275 1609 1704 1694 fraudumque
1751 1610 2069 1675 malarum

178 1698 394 1763 Inscia
439 1701 505 1762 et
549 1697 915 1782 hospitibus
963 1699 1210 1783 superis
1258 1697 1644 1784 dignissima
1690 1700 1888 1765 sedes.

179 1786 359 1852 Pone
411 1799 620 1851 truces
672 1810 855 1853 arcus
904 1807 1262 1873 agmenque
1308 1787 1557 1851 immite
1603 1787 1946 1871 pharetrae

182 1876 275 1940 Et
319 1899 544 1959 regum
596 1879 797 1941 multo
844 1875 1175 1960 perfusum
1224 1876 1541 1961 sanguine
1586 1876 1810 1961 robur,
2259 1892 2326 1943 35

178 1964 664 2047 lustrat-mmmm
712 1966 996 2030 humeris
1046 1965 1304 2031 dimitte
1352 1965 1726 2049 gerentibus
1771 1965 2045 2031 hostem.

180 2054 307 2119 Hie
355 2055 476 2119 tihi
528 2054 789 2119 Sidonio
836 2054 1079 2119 celsum
1124 2053 1428 2137 puluinar
1474 2053 1754 2118 acantho

182 2144 451 2207 Texitur
500 2147 564 2207 st
616 2143 814 2227 signis
863 2144 1093 2208 crescit
1135 2145 1318 2207 torus
1369 2164 1558 2226 asper
1602 2143 1886 2208 eburnis,

181 2232 463 2296 Pacatus
515 2235 813 2315 mitissme
859 2232 1012 2296 ueni
1057 2252 1176 2296 nec
1221 2230 1522 2295 turbidus
1568 2230 1668 2295 ira

180 2319 319 2387 Nec:
367 2323 676 2384 famulare
728 2320 978 2403 timenS,
1024 2319 1135 2384 sed
1183 2341 1373 2403 quem
1418 2323 1485 2384 te
1530 2319 1846 2384 Maenalis
1894 2319 2081 2406 Auge
2256 2335 2364 2388 4ο·

188 2408 570 2476 Confectum
613 2409 866 2494 thyasis
916 2412 982 2473 et
1026 2409 1231 2474 multo
1277 2409 1479 2473 fratre
1525 2409 1890 2473 madentem

183 2497 485 2564 Detinuit
532 2498 910 2583 qualemque
958 2517 1163 2582 uagae
1208 2501 1360 2581 post
1406 2498 1678 2562 crimina
1723 2498 1932 2563 noctis

183 2587 492 2652 Thestius
540 2587 903 2670 obstupuit,
947 2586 1194 2651 totiens
1243 2607 1441 2651 socer.
1511 2586 1619 2651 hic
1661 2586 1785 2650 tibi
1828 2587 1997 2651 festa

191 2675 502 2761 Gymnas,
548 2678 614 2739 et
657 2675 950 2740 insontes
998 2675 1301 2740 iuuenum
1349 2675 1489 2740 sine
1536 2675 1857 2740 caestibus
1904 2676 2039 2739 irae

182 2765 423 2831 Annua
468 2764 673 2829 ueloci
717 2767 1042 2850 peragunt
1087 2766 1442 2829 certamina
1484 2764 1708 2829 lustro.
2256 2780 2325 2830 45

183 2853 311 2919 Hic
354 2853 613 2937 templis
659 2853 1011 2937 inscriptus
1059 2875 1182 2919 auo
1230 2854 1552 2939 gaudente
1600 2854 1898 2918 sacerdos

109 3186 111 3189 v
333 3124 400 3173 18
439 3118 666 3189 angusti
701 3117 922 3174 bisseno
960 3123 1006 3172 Δ
1044 3125 1094 3186 0,
1133 3135 1271 3174 corr.
1311 3135 1346 3170 a
1388 3119 1409 3187 ΙΙ
1456 3123 1520 3171 19
1561 3117 1745 3172 adfuit
1775 3118 2091 3173 Meursius:
2129 3119 2327 3176 attulit

187 3197 222 3243 θ
259 3191 433 3259 ι1130
471 3190 708 3245 Nemees
746 3194 782 3244 ς
822 3208 881 3245 a:
919 3190 1111 3244 uenies
1146 3196 1181 3242 Ο
1214 3195 1220 3257 Ι
1254 3188 1702 3244 antraueMarkl.
1732 3191 1752 3258 u
1779 3196 1847 3243 36
1885 3190 2324 3260 Lustratumque

187 3267 224 3314 c
243 3279 293 3333 a,
313 3278 452 3317 corr.
475 3266 511 3316 ς
538 3263 559 3331 fl
586 3268 652 3316 3⁷
674 3262 915 3317 acantho
944 3264 1014 3315 A:
1036 3261 1279 3315 achanto
1300 3266 1335 3312 0
1360 3262 1380 3329 ΙΙ
1407 3266 1476 3314 43
1492 3259 1754 3315 Thestius
1781 3261 2020 3315 Mau-kl.-
2049 3261 2324 3332 Thespius

188 3338 223 3385 ο
251 3351 286 3386 a
310 3335 330 3403 ΙΙ
357 3339 427 3387 44
454 3332 699 3388 cestibus
726 3337 772 3386 Δ
811 3338 870 3386 o:
898 3330 1135 3386 testibus
1165 3337 1201 3386 ς
1235 3332 1498 3387 caedibus
1531 3331 1775 3396 Markl.‚·
1813 3348 1889 3385 an
1925 3331 2209 3387 uestibus?
2250 3334 2320 3401 cf.

190 3409 310 3475 146,
352 3410 471 3459 152.
500 3407 520 3475 ΙΙ
546 3410 614 3459 46
650 3403 961 3473 adscriptus
1003 3404 1212 3458 Markl.
1311 3449 1316 3454 .
