2517 3909
777 624 872 707 P.
928 599 1357 712 PAPINH
1414 607 1783 712 STATH

434 769 2124 932 THEBAIDos

931 979 1628 1056 LIBERI.-

420 1283 764 1398 Fraternas
802 1336 964 1398 acies
1007 1334 1350 1417 alternaque
1388 1351 1576 1416 regna
1618 1336 1885 1417 profanis

266 1419 597 1483 Decertat'a
636 1421 786 1483 odiis
826 1430 1147 1501 sontesque
1183 1419 1483 1484 evolveoe'
1517 1421 1773 1501 Thebas,

269 1506 502 1567 Pierius
537 1506 716 1567 menti
753 1505 923 1567 calor
967 1506 1189 1568 incidit.
1279 1506 1451 1569 Unde
1488 1506 1704 1567 iubetis

271 1592 409 1667 Ire,
447 1588 640 1652 deae?
724 1589 1003 1653 Gentisne
1042 1605 1246 1653 canam
1280 1591 1598 1671 primordia
1642 1588 1874 1655 dirae‘I‘

273 1674 555 1738 Sidonios
597 1683 799 1755 rapoes
840 1684 906 1737 et
947 1675 1315 1737 inexorabile
1356 1686 1596 1756 pactum

270 1760 456 1839 Legis
497 1760 854 1838 Agenoreae
895 1770 1372 1841 scrutantemque
1417 1769 1678 1841 aequora
1720 1756 2040 1821 Cadmum?

270 1844 483 1923 Longa
521 1853 682 1906 retro
727 1846 951 1924 series,
993 1845 1285 1925 trepidum
1326 1845 1379 1906 si
1422 1843 1625 1906 Martis
1661 1846 1862 1923 operti

273 1929 625 2007 Agricolam
666 1929 917 1991 infandis
959 1930 1314 1991 condentem
1351 1930 1584 2010 proelia
1624 1928 1813 1990 sulcis

272 2012 607 2094 Expediam
650 2015 1003 2094 penitusque
1043 2031 1301 2096 sequar,
1349 2032 1468 2095 qao
1504 2013 1761 2076 carmine
1797 2012 1977 2075 muris

273 2098 524 2161 Iusserit
555 2094 851 2177 Amphion
893 2099 1106 2176 Tyrios
1142 2099 1438 2161 accedere
1475 2108 1765 2177 montes,

272 2180 450 2244 Unde
492 2200 711 2261 graves
752 2185 878 2244 irae
917 2193 1170 2263 cognata
1205 2186 1266 2245 in
1305 2185 1540 2247 moenia
1579 2182 1842 2284 Baccho,

277 2267 456 2343 Quod
502 2285 718 2328 saevae
765 2266 1001 2330 Iunonis
1039 2286 1224 2351 opus,
1271 2269 1364 2331 cui
1404 2268 1722 2350 sumpserit
1762 2282 1939 2333 arcus

271 2351 495 2416 Infelix
530 2352 842 2431 Athamas,
887 2371 993 2415 cur
1031 2371 1151 2415 non
1192 2354 1502 2435 expaverit
1543 2356 1752 2432 ingens
1792 2373 1798 2386 ·

273 2437 503 2500 Ionium
551 2437 719 2498 socio
766 2451 974 2499 casura
1014 2436 1368 2501 Palaemone
1410 2447 1616 2501 mater.

274 2522 480 2601 Atque
516 2519 666 2583 adeo
710 2522 825 2583 iam
868 2535 1021 2585 nunc
1057 2525 1309 2603 gemitus
1352 2532 1414 2585 et
1452 2538 1744 2622 pros-pera
1782 2518 1983 2583 Cadmi

273 2606 667 2669 Praeteriisse
712 2607 923 2669 sinam:
971 2608 1140 2670 limes
1179 2608 1321 2669 mihi
1367 2608 1637 2668 carminis
1676 2614 1813 2668 esto

276 2689 627 2771 Oedipodae
672 2691 919 2753 confusa
960 2692 1201 2793 domus,
1244 2692 1474 2772 quando
1516 2690 1662 2753 Itala
1708 2690 1961 2752 nondum

276 2776 459 2853 Signa
502 2793 615 2836 nec
658 2775 920 2842 Arctoos
960 2778 1144 2838 ausim
1179 2793 1426 2858 sperare
1466 2775 1813 2857 triumphos,

275 2859 497 2940 Bisque
542 2860 680 2938 iugo
725 2860 1028 2938 Rhenum,
1067 2861 1162 2922 bis
1207 2862 1479 2923 adactum
1519 2862 1754 2942 legibus
1792 2858 2043 2937 Istrum,
2150 2947 2155 2952 1

274 2942 360 3005 Et
407 2944 707 3006 coniurato
748 2945 1016 3007 deiectos
1055 2947 1283 3007 vertice
1318 2945 1546 3024 Dacos,

277 3029 401 3090 Aut
441 3027 688 3090 defensa
730 3029 896 3109 prius
937 3030 1041 3091 vix
1086 3029 1546 3110 pubescentibus
1592 3030 1755 3092 annis

277 3112 451 3174 Bella
494 3111 671 3174 Iovis.
754 3112 994 3193 Tuque,
1035 3131 1077 3175 o
1117 3114 1334 3181 Latiae
1360 3114 1545 3176 decus
1581 3114 1773 3177 addite
1817 3113 2031 3190 famae,

181 3261 210 3268 ,
282 3196 475 3271 Quem
517 3215 672 3260 nova
715 3200 922 3259 maturi
965 3181 1314 3261 subeuntem
1357 3215 1575 3261 exorsa
1614 3200 1875 3280 parentis

279 3281 605 3343 Aeternum
652 3283 767 3344 sibi
803 3283 987 3345 Roma
1030 3285 1225 3368 cupit:
1272 3282 1414 3346 licet
1458 3286 1675 3347 arctior
1719 3302 1925 3345 omnes

281 3365 478 3427 Limes
522 3377 658 3445 agat
702 3367 943 3444 stellas,
990 3377 1051 3428 et
1079 3377 1154 3430 te
1195 3362 1374 3449 plaga
1414 3369 1607 3431 lucida
1652 3369 1834 3445 coeli,

278 3449 589 3514 Pleiadum
621 3450 969 3534 Boreaeque
1016 3461 1078 3515 et
1111 3451 1295 3527 hiulci
1334 3453 1585 3517 fulminis
1631 3470 1873 3533 expers,

2218 2110 2291 2163 10

2228 2531 2297 2587 15
