2517 3909
734 790 738 793 ‚
818 683 1535 778 ARGUMENTA

155 833 790 946 'DUODEOIM
859 859 1418 938 LIBRORUM
1484 841 2127 942 THEBAIDOS.
2236 959 2241 966 ⁸

442 1013 543 1080 Ex
576 1017 1119 1081 VETU'STISSIMO
1158 1027 1428 1081 comen
1467 1028 1887 1083 TOLETANO.

305 1320 592 1434 Solvitur
634 1374 692 1432 in
736 1374 920 1452 primo
964 1373 1204 1433 fratrum
1245 1374 1564 1436 concordia
1602 1372 1772 1436 libro.

157 1456 441 1536 Denegat
482 1466 541 1517 et
586 1458 798 1519 foedus
834 1460 1205 1537 repetitaque
1248 1475 1433 1536 regna
1471 1458 1782 1519 secundus

158 1541 401 1603 Tertius
443 1542 502 1601 in
541 1541 775 1604 Thebas
813 1542 1125 1603 ,inflammat
1166 1541 1386 1604 Dorica
1432 1552 1644 1604 castra.

154 1627 224 1687 In
266 1633 476 1706 quarto
519 1625 756 1687 Mavors
794 1626 970 1688 bello·
1001 1627 1154 1705 rapit
1191 1626 1445 1705 undique
1492 1626 1717 1688 Graios.

159 1711 413 1785 Quintus
461 1720 521 1772 et
557 1710 916 1791 Hypsipyles
962 1711 1155 1771 luctus
1192 1719 1507 1790 narratque
1549 1711 1810 1773 dolores.

160 1796 517 1857 Archemori
563 1805 765 1857 sextus
799 1796 982 1857 ludos
1023 1796 1095 1857 ad
1137 1795 1343 1856 funera
1388 1795 1562 1857 ducit.

160 1882 464 1959 Septimus
509 1879 793 1941 obsessas
837 1879 1071 1941 Thebas
1114 1882 1384 1958 vatisque
1431 1879 1787 1959 sepulcrum.

163 1962 398 2026 Occidit
435 1974 645 2026 octavo
683 1963 1005 2044 Menalippi
1042 1964 1284 2043 cuspide
1324 1961 1582 2040 TydeuS.

146 2046 634 2129 *Hippomedonta
676 2050 808 2111 solo
846 2051 944 2110 dat
985 2066 1174 2109 nonus
1217 2058 1277 2109 et
1320 2048 1553 2110 Arcada
1598 2047 1743 2109 telo.

165 2131 432 2213 Cuspide
482 2133 757 2195 fulminea
801 2134 1061 2195 decimus
1108 2131 1383 2212 Capanea
1425 2132 1674 2193 terebat.

161 2216 520 2280 Undecimus
564 2218 736 2298 parili
770 2235 1084 2296 germanos
1125 2218 1332 2282 funere
1376 2219 1576 2296 iungit.

160 2301 412 2363 Ultimus
451 2302 709 2381 Ogygias
752 2304 850 2365 dat
890 2304 1131 2363 vincere
1177 2301 1409 2363 Thesea
1453 2301 1704 2364 Thebas.

737 2591 843 2643 Ex
894 2591 1095 2643 ALIIS
1133 2588 1584 2667 ι(ἹΟΙᾘΟῙΒῘΪΒ.

295 2704 572 2764 Associat
603 2704 925 2783 ⁴profugum
966 2706 1183 2785 primus
1228 2702 1435 2780 Tydeo
1476 2700 1815 2776 Polynicen.

162 2788 366 2866 Tydea
410 2788 666 2867 legatum
709 2789 887 2851 docet
930 2789 1287 2872 insidiasque
1331 2786 1642 2849 secundus.

165 2873 403 2935 Tertius
442 2873 861 2935 Haemonidem
906 2875 1059 2935 canit
1108 2883 1167 2935 et
1209 2883 1378 2935 vates
1429 2872 1743 2933 latitantes.

164 2958 419 3032 Quartus
461 2957 642 3022 habet
685 2975 864 3037 reges
903 2959 1169 3022 ineuntes
1194 2958 1444 3039 'proelia
1476 2964 1736 3036 septem.

163 3041 307 3103 Mox
349 3041 560 3104 Furiae
597 3044 725 3104 seni
770 3044 968 3122 quinto
1016 3052 1318 3104 narrantur
1363 3050 1423 3102 et
1463 3041 1689 3118 anguis.

162 3126 513 3188 Archemori
554 3126 788 3190 bustum
826 3136 998 3188 sexto
1042 3127 1283 3207 ludique
1328 3126 1618 3205 leguntur.

163 3210 281 3272 Dat
326 3210 532 3273 Graios
571 3209 791 3273 Thebis
830 3220 892 3272 et
932 3221 1126 3273 vatem
1170 3212 1455 3289 septimus
1498 3206 1735 3269 umbris.
1831 3278 1841 3288 .

151 3291 393 3356 'Octavo
438 3296 654 3357 cecidit
699 3294 967 3374 Tydeus,
1013 3314 1154 3376 spes
1197 3295 1313 3356 fida
1356 3294 1645 3371 Pelasgis,

164 3377 572 3459 Hippomedon
615 3397 770 3441 nono
819 3381 1080 3460 queritur
1124 3399 1254 3444 cum
1295 3379 1760 3456 Parthenopaeo.

163 3461 426 3527 Fulmine
472 3483 790 3546 percussus
833 3465 1061 3528 decimo
1110 3462 1418 3546 Capaneus
1463 3467 1790 3542 superatur.

1669 3542 1753 3614 1*
