2517 3909
845 131 1247 183 mammos
1291 132 1430 183 mn.
1474 133 1552 184 11.
2064 203 2077 216 ι
2115 123 2192 184 41

220 288 349 350 Νοιι
390 286 586 369 parcit
610 288 847 370 populis
883 293 1124 368 regnum
1165 288 1379 361 breve;
1421 289 1701 370 respice,
1729 298 1970 368 quantus
2072 317 2077 328 ·

218 373 469 451 Horror,
509 382 569 433 et
606 375 828 435 attoniti
866 384 1067 435 nostro
1106 376 1165 435 in
1205 376 1535 436 discrimine
1579 373 1770 434 cives!

217 457 415 519 Hosne
448 475 595 536 ego,
637 461 776 539 quis
802 469 970 520 certa
999 469 1091 520 est
1125 459 1233 522 sub
1264 469 1325 520 te
1355 459 1503 520 duee
1541 475 1762 538 poena,
1794 458 2153 540 relinquam?

215 543 433 620 Iratus,
473 560 787 621 germane,
829 545 1015 605 venis.
1102 542 1224 605 Fac
1265 544 1456 622 velle,
1501 562 1613 604 nec
1655 544 1791 623 ipsi,
2190 567 2197 576 ⁴

216 628 279 688 Si
315 627 492 689 modo
532 636 708 689 notus
745 646 905 702 amor
944 629 1262 708 meritique
1291 638 1382 690 est
1417 629 1635 707 gratia,
1683 636 1921 708 patres
2094 639 2201 693 450

214 711 489 773 Reddere
523 731 710 790 regna
747 716 980 775 sinent’
1064 712 1197 773 Non
1239 714 1387 775 ultra
1423 730 1665 793 passus,
1709 720 1770 774 et
1809 730 1945 774 orsa

213 796 419 859 Iniecit
452 797 658 858 mediis
697 797 1059 859 sermonibus
1103 797 1310 859 obvia:
1356 798 1642 874 ‘Reddes,

212 882 566 960 Ingeminat,
611 881 860 958 reddes;
878 900 1016 943 non
1057 882 1109 941 si
1148 892 1207 943 te
1239 883 1472 943 ferreus
1516 899 1703 960 agger

211 966 478 1044 Ambiat,
521 976 617 1027 aut
662 967 927 1048 triplices
970 966 1085 1028 alio
1129 967 1232 1027 tibi
1273 968 1523 1029 carmine
1564 984 1760 1029 muros

211 1049 503 1130 Amphion
545 1052 769 1114 auditus
811 1060 945 1129 agat
957 1073 976 1122 3
1009 1051 1098 1112 nil·
1129 1051 1286 1130 tela,
1306 1095 1311 1100 -
1330 1070 1443 1113 nec
1482 1052 1651 1131 ignes
1704 1105 1710 1111 .
2068 1061 2196 1117 v455

214 1134 586 1214 obstiterint,
627 1138 763 1216 quin
795 1154 939 1197 ausa
979 1136 1112 1197 luas
1149 1138 1481 1216 nostrisque
1520 1136 1631 1198 sub
1677 1137 1849 1197 armis
1880 1146 1885 1150 ’
2058 1167 2063 1176 =

213 1218 462 1300 Captivo
503 1220 877 1283 moribundus
919 1220 1147 1281 humum
1189 1220 1513 1283 diademate
1557 1222 1809 1301 pulses.'
1942 1273 1947 1280 .

210 1304 300 1366 Tu
342 1306 581 1367 merito:
621 1316 713 1367 ast
751 1307 953 1367 horum
991 1306 1260 1383 miseret,
1308 1321 1456 1385 quos
1484 1307 1774 1385 sanguine
1813 1306 1962 1368 viles
2018 1313 2039 1346 -“

213 1388 576 1469 Coniugibus
618 1392 885 1470 natisque
925 1390 1156 1451 infanda
1199 1390 1274 1451 ad
1312 1390 1539 1470 proelia
1579 1399 1781 1470 raptos
1966 1439 1972 1448 .

207 1474 435 1536 Proicis
470 1475 733 1552 excidio,
777 1473 933 1536 bone
974 1494 1099 1536 rex.
1190 1472 1240 1534 O
1282 1484 1492 1554 quanta
1532 1474 1848 1536 Cithaeron
2034 1511 2037 1516 -
2089 1482 2195 1538 460

206 1559 472 1636 Funera,
520 1561 969 1639 sanguineisque
1010 1559 1209 1637 vadis,
1248 1558 1510 1635 Ismene,
1552 1559 1801 1621 rotabis!

205 1644 370 1705 Haec
411 1645 633 1724 pietas,
678 1644 834 1706 haec
867 1662 1076 1721 magna
1112 1643 1290 1704 fides!
1333 1663 1445 1705 nec
1487 1644 1720 1704 crimina
1759 1644 1951 1720 gentis
2050 1695 2055 1702 .

206 1728 355 1790 Mira
396 1729 663 1808 equidem
707 1730 890 1797 duco;
936 1730 1023 1788 sic
1065 1729 1284 1807 primus
1323 1730 1618 1805 sanguinis
1662 1737 1867 1789 auctor

206 1813 540 1893 Incestique
587 1822 810 1893 patrum
845 1812 1112 1890 thalami,
1158 1811 1266 1873 sed
1306 1811 1453 1873 fallit
1490 1814 1692 1891 origo:

208 1897 550 1977 Oedipodes
583 1908 642 1959 tu
688 1898 849 1958 solus
890 1916 1063 1974 eras,
1090 1897 1257 1958 haee
1300 1899 1555 1976 praemia
1592 1914 1818 1957 morum
2086 1904 2188 1959 465

206 1982 301 2043 Ac
344 1981 627 2060 sceleris,
669 1982 962 2060 violente,
1000 1981 1189 2042 feres:
1234 1999 1344 2041 nos
1389 1983 1687 2061 poscimus
1729 1999 1949 2042 annum.

204 2067 327 2129 Sed
369 2072 608 2128 moror?
695 2067 858 2128 Haec
889 2067 1081 2129 audax
1104 2055 1427 2127 etiamnum
1468 2068 1526 2127 in
1562 2067 1755 2128 limine
1794 2074 1957 2126 retro

202 2151 589 2228 Vociferans,
634 2152 744 2213 iam
781 2161 915 2213 tunc
958 2151 1183 2231 inpulsa
1228 2170 1338 2231 per
1380 2152 1607 2229 agmina
1649 2168 1961 2231 praeceps,

199 2236 437 2299 Evolat.
526 2235 761 2298 Oeneae
796 2236 1013 2298 vindex
1056 2238 1144 2297 sic
1187 2236 1290 2297 ille
1332 2235 1553 2297 Dianae

201 2322 456 2384 Erectus
500 2323 644 2381 setis
684 2331 743 2381 et
767 2321 1043 2382 ‘aduncae
1079 2322 1318 2383 fulmine
1360 2322 1569 2400 malae,
2081 2326 2191 2382 470

203 2407 394 2482 Quum
442 2416 738 2485 premeret
773 2406 1031 2486 Pelopea
1073 2406 1359 2486 phalanx,
1402 2425 1543 2468 saxa
1587 2404 1759 2466 obvia
1799 2403 2046 2464 volv-ens

200 2490 529 2569 Fractaque
566 2490 851 2569 perfossis
894 2490 1128 2552 arbusta
1159 2490 1449 2551 Acheloia
1488 2491 1653 2570 ripis,

201 2574 325 2637 Iam
368 2574 683 2636 Telamona
725 2575 894 2651 selo,
939 2576 1060 2635 iam'
1093 2582 1333 2635 stratum
1371 2573 1574 2634 Ixiona
1607 2573 1923 2651 linquens,'

202 2659 325 2737 Te,
366 2658 702 2737 Meleagre,
745 2659 925 2722 subit:
969 2659 1048 2720 ibi
1083 2661 1311 2721 demum
1354 2658 1600 2739 cuspide
1643 2658 1759 2720 lata
1880 2675 1887 2682 ·

200 2743 403 2806 Haesit
445 2753 504 2804 et
546 2743 766 2804 obnixo
803 2744 1021 2804 ferrum
1064 2744 1282 2805 laxavit
1322 2744 1380 2803 in
1422 2759 1604 2805 armo,
1833 2763 1852 2802 ι
1920 2791 1925 2800 .
2080 2752 2185 2810 475,

332 2827 489 2890 Talis
530 2828 718 2889 adhuc
758 2828 1046 2907 trepidum
1086 2828 1253 2908 liquit
1294 2826 1646 2904 Calydonius
1681 2825 1861 2888 heros

202 2911 561 2991 Concilium,
605 2912 940 2973 infrendens
978 2914 1091 2992 ipsi
1134 2931 1242 2973 ceu
1286 2931 1470 2990 regna
1512 2920 1820 2992 negentur,
1932 2961 1937 2970 Δ
2066 2947 2071 2954 ·

198 2995 575 3077 Festinatque
613 2998 736 3057 vias
771 3011 1102 3076 ramumque
1144 2999 1449 3077 precantis
1475 2997 1666 3058 olivae
1932 3027 1937 3034 ·

198 3081 416 3143 Abicit.
503 3081 800 3143 Attonitae
836 3089 1123 3142 tectorum
1162 3100 1239 3142 ex
1277 3081 1525 3142 eulmine
1565 3091 1783 3144 summo
1878 3091 1885 3096 ·
1920 3125 1925 3132 -

195 3165 581 3245 Prospectant
630 3174 874 3244 matres,
915 3183 1218 3246 saevoque
1250 3166 1482 3227 infanda
1519 3175 1832 3246 precantur
1940 3175 1947 3182 ‘
2006 3201 2015 3210 -
2079 3169 2191 3229 480¹

198 3248 461 3313 Oenidae
503 3252 804 3331 tacitoque
835 3249 1006 3311 simul
1047 3251 1156 3311 sub
1199 3260 1448 3330 pectore
1491 3252 1643 3329 regi.
1994 3275 1999 3282 ·
2170 3271 2179 3280 ’

321 3334 448 3396 Nec
483 3337 655 3415 piger
694 3336 928 3414 ingenio
972 3336 1262 3396 scelerum
1304 3336 1639 3414 fraudisque
1676 3334 1960 3396 nefandae
2008 3343 2015 3350 '

195 3417 415 3481 Rector
455 3428 616 3498 eget.
706 3419 982 3482 Iuvenum
1022 3419 1172 3482 lidos
1215 3419 1537 3483 lectissima
1580 3419 1740 3481 bello
